timestamp,price,volume,amount
2026-01-02 09:30:00,32.87,450,14791
2026-01-02 09:30:01,32.91,505,16620
2026-01-02 09:30:02,33.25,460,15295
2026-01-02 09:30:03,33.31,460,15323
2026-01-02 09:30:04,33.31,483,16089
2026-01-02 09:30:05,33.17,474,15723
2026-01-02 09:30:06,33.00,480,15840
2026-01-02 09:30:07,33.12,491,16262
2026-01-02 09:30:08,33.15,498,16509
2026-01-02 09:30:09,33.31,464,15456
2026-01-02 09:30:10,33.31,504,16788
2026-01-02 09:30:11,33.20,447,14840
2026-01-02 09:30:12,33.05,450,14872
2026-01-02 09:30:13,33.03,475,15689
2026-01-02 09:30:14,33.26,481,15998
2026-01-02 09:30:15,33.31,491,16355
2026-01-02 09:30:16,33.31,503,16755
2026-01-02 09:30:17,33.31,476,15856
2026-01-02 09:30:18,33.31,441,14690
2026-01-02 09:30:19,33.31,501,16688
2026-01-02 09:30:20,33.31,451,15023
2026-01-02 09:30:21,33.31,433,14423
2026-01-02 09:30:22,33.31,455,15156
2026-01-02 09:30:23,33.31,415,13824
2026-01-02 09:30:24,33.31,445,14823
2026-01-02 09:30:25,33.31,458,15256
2026-01-02 09:30:26,33.31,465,15489
2026-01-02 09:30:27,33.31,500,16655
2026-01-02 09:30:28,33.31,476,15856
2026-01-02 09:30:29,33.31,462,15389
2026-01-02 09:30:30,33.31,462,15389
2026-01-02 09:30:31,33.31,449,14956
2026-01-02 09:30:32,33.31,497,16555
2026-01-02 09:30:33,33.31,454,15123
2026-01-02 09:30:34,33.31,456,15189
2026-01-02 09:30:35,33.31,468,15589
2026-01-02 09:30:36,33.31,502,16722
2026-01-02 09:30:37,33.31,470,15656
2026-01-02 09:30:38,33.31,470,15656
2026-01-02 09:30:39,33.31,491,16355
2026-01-02 09:30:40,33.31,466,15522
2026-01-02 09:30:41,33.31,453,15089
2026-01-02 09:30:42,33.31,491,16355
2026-01-02 09:30:43,33.31,465,15489
2026-01-02 09:30:44,33.31,448,14923
2026-01-02 09:30:45,33.31,452,15056
2026-01-02 09:30:46,33.31,514,17121
2026-01-02 09:30:47,33.31,470,15656
2026-01-02 09:30:48,33.31,460,15323
2026-01-02 09:30:49,33.31,467,15556
2026-01-02 09:30:50,33.31,457,15223
2026-01-02 09:30:51,33.31,473,15756
2026-01-02 09:30:52,33.31,484,16122
2026-01-02 09:30:53,33.31,468,15589
2026-01-02 09:30:54,33.31,462,15389
2026-01-02 09:30:55,33.31,508,16921
2026-01-02 09:30:56,33.31,501,16688
2026-01-02 09:30:57,33.31,475,15822
2026-01-02 09:30:58,33.31,449,14956
2026-01-02 09:30:59,33.31,506,16855
2026-01-02 09:31:00,33.31,507,16888
2026-01-02 09:31:01,33.31,516,17188
2026-01-02 09:31:02,33.31,472,15722
2026-01-02 09:31:03,33.31,506,16855
2026-01-02 09:31:04,33.31,441,14690
2026-01-02 09:31:05,33.31,526,17521
2026-01-02 09:31:06,33.31,448,14923
2026-01-02 09:31:07,33.31,487,16222
2026-01-02 09:31:08,33.31,506,16855
2026-01-02 09:31:09,33.31,465,15489
2026-01-02 09:31:10,33.31,463,15423
2026-01-02 09:31:11,33.31,470,15656
2026-01-02 09:31:12,33.31,470,15656
2026-01-02 09:31:13,33.31,474,15789
2026-01-02 09:31:14,33.31,422,14057
2026-01-02 09:31:15,33.31,438,14590
2026-01-02 09:31:16,33.31,503,16755
2026-01-02 09:31:17,33.31,485,16155
2026-01-02 09:31:18,33.31,470,15656
2026-01-02 09:31:19,33.31,487,16222
2026-01-02 09:31:20,33.31,446,14856
2026-01-02 09:31:21,33.31,436,14523
2026-01-02 09:31:22,33.31,469,15622
2026-01-02 09:31:23,33.31,469,15622
2026-01-02 09:31:24,33.31,473,15756
2026-01-02 09:31:25,33.31,468,15589
2026-01-02 09:31:26,33.31,473,15756
2026-01-02 09:31:27,33.31,453,15089
2026-01-02 09:31:28,33.31,478,15922
2026-01-02 09:31:29,33.31,466,15522
2026-01-02 09:31:30,33.31,447,14890
2026-01-02 09:31:31,33.31,415,13824
2026-01-02 09:31:32,33.31,473,15756
2026-01-02 09:31:33,33.31,439,14623
2026-01-02 09:31:34,33.31,486,16189
2026-01-02 09:31:35,33.31,489,16289
2026-01-02 09:31:36,33.31,438,14590
2026-01-02 09:31:37,33.31,469,15622
2026-01-02 09:31:38,33.31,442,14723
2026-01-02 09:31:39,33.31,461,15356
2026-01-02 09:31:40,33.31,410,13657
2026-01-02 09:31:41,33.31,444,14790
2026-01-02 09:31:42,33.31,455,15156
2026-01-02 09:31:43,33.31,468,15589
2026-01-02 09:31:44,33.31,452,15056
2026-01-02 09:31:45,33.31,452,15056
2026-01-02 09:31:46,33.31,444,14790
2026-01-02 09:31:47,33.31,480,15989
2026-01-02 09:31:48,33.31,456,15189
2026-01-02 09:31:49,33.31,448,14923
2026-01-02 09:31:50,33.31,452,15056
2026-01-02 09:31:51,33.31,479,15955
2026-01-02 09:31:52,33.31,488,16255
2026-01-02 09:31:53,33.31,483,16089
2026-01-02 09:31:54,33.31,450,14990
2026-01-02 09:31:55,33.31,516,17188
2026-01-02 09:31:56,33.31,494,16455
2026-01-02 09:31:57,33.31,416,13857
2026-01-02 09:31:58,33.31,402,13391
2026-01-02 09:31:59,33.31,441,14690
2026-01-02 09:32:00,33.31,501,16688
2026-01-02 09:32:01,33.31,492,16389
2026-01-02 09:32:02,33.31,448,14923
2026-01-02 09:32:03,33.31,427,14223
2026-01-02 09:32:04,33.31,485,16155
2026-01-02 09:32:05,33.31,465,15489
2026-01-02 09:32:06,33.31,437,14556
2026-01-02 09:32:07,33.31,489,16289
2026-01-02 09:32:08,33.30,438,14585
2026-01-02 09:32:09,33.31,441,14690
2026-01-02 09:32:10,33.31,473,15756
2026-01-02 09:32:11,33.27,454,15105
2026-01-02 09:32:12,33.21,458,15210
2026-01-02 09:32:13,33.31,459,15289
2026-01-02 09:32:14,33.31,463,15423
2026-01-02 09:32:15,33.31,459,15289
2026-01-02 09:32:16,33.31,506,16855
2026-01-02 09:32:17,33.31,470,15656
2026-01-02 09:32:18,33.31,447,14890
2026-01-02 09:32:19,33.31,476,15856
2026-01-02 09:32:20,33.31,455,15156
2026-01-02 09:32:21,33.31,474,15789
2026-01-02 09:32:22,33.31,448,14923
2026-01-02 09:32:23,33.31,431,14357
2026-01-02 09:32:24,33.31,494,16455
2026-01-02 09:32:25,33.31,470,15656
2026-01-02 09:32:26,33.31,432,14390
2026-01-02 09:32:27,33.31,455,15156
2026-01-02 09:32:28,33.31,471,15689
2026-01-02 09:32:29,33.31,431,14357
2026-01-02 09:32:30,33.31,466,15522
2026-01-02 09:32:31,33.31,454,15123
2026-01-02 09:32:32,33.31,451,15023
2026-01-02 09:32:33,33.31,468,15589
2026-01-02 09:32:34,33.31,450,14990
2026-01-02 09:32:35,33.31,479,15955
2026-01-02 09:32:36,33.31,491,16355
2026-01-02 09:32:37,33.31,479,15955
2026-01-02 09:32:38,33.31,464,15456
2026-01-02 09:32:39,33.31,514,17121
2026-01-02 09:32:40,33.31,451,15023
2026-01-02 09:32:41,33.31,448,14923
2026-01-02 09:32:42,33.31,495,16488
2026-01-02 09:32:43,33.31,457,15223
2026-01-02 09:32:44,33.31,478,15922
2026-01-02 09:32:45,33.31,487,16222
2026-01-02 09:32:46,33.31,424,14123
2026-01-02 09:32:47,33.31,462,15389
2026-01-02 09:32:48,33.31,467,15556
2026-01-02 09:32:49,33.31,467,15556
2026-01-02 09:32:50,33.31,446,14856
2026-01-02 09:32:51,33.31,470,15656
2026-01-02 09:32:52,33.31,528,17588
2026-01-02 09:32:53,33.31,404,13457
2026-01-02 09:32:54,33.31,461,15356
2026-01-02 09:32:55,33.31,476,15856
2026-01-02 09:32:56,33.31,444,14790
2026-01-02 09:32:57,33.31,472,15722
2026-01-02 09:32:58,33.31,462,15389
2026-01-02 09:32:59,33.31,468,15589
2026-01-02 09:33:00,33.31,447,14890
2026-01-02 09:33:01,33.31,431,14357
2026-01-02 09:33:02,33.31,426,14190
2026-01-02 09:33:03,33.31,453,15089
2026-01-02 09:33:04,33.31,481,16022
2026-01-02 09:33:05,33.31,392,13058
2026-01-02 09:33:06,33.31,491,16355
2026-01-02 09:33:07,33.31,453,15089
2026-01-02 09:33:08,33.31,474,15789
2026-01-02 09:33:09,33.31,475,15822
2026-01-02 09:33:10,33.31,460,15323
2026-01-02 09:33:11,33.31,462,15389
2026-01-02 09:33:12,33.31,422,14057
2026-01-02 09:33:13,33.31,427,14223
2026-01-02 09:33:14,33.31,470,15656
2026-01-02 09:33:15,33.31,433,14423
2026-01-02 09:33:16,33.31,462,15389
2026-01-02 09:33:17,33.31,434,14457
2026-01-02 09:33:18,33.31,458,15256
2026-01-02 09:33:19,33.31,446,14856
2026-01-02 09:33:20,33.31,469,15622
2026-01-02 09:33:21,33.31,454,15123
2026-01-02 09:33:22,33.31,458,15256
2026-01-02 09:33:23,33.31,495,16488
2026-01-02 09:33:24,33.31,418,13924
2026-01-02 09:33:25,33.31,442,14723
2026-01-02 09:33:26,33.31,470,15656
2026-01-02 09:33:27,33.31,438,14590
2026-01-02 09:33:28,33.31,431,14357
2026-01-02 09:33:29,33.31,489,16289
2026-01-02 09:33:30,33.31,454,15123
2026-01-02 09:33:31,33.31,452,15056
2026-01-02 09:33:32,33.31,432,14390
2026-01-02 09:33:33,33.31,474,15789
2026-01-02 09:33:34,33.31,465,15489
2026-01-02 09:33:35,33.31,452,15056
2026-01-02 09:33:36,33.31,473,15756
2026-01-02 09:33:37,33.31,437,14556
2026-01-02 09:33:38,33.31,472,15722
2026-01-02 09:33:39,33.31,453,15089
2026-01-02 09:33:40,33.31,432,14390
2026-01-02 09:33:41,33.31,498,16588
2026-01-02 09:33:42,33.31,451,15023
2026-01-02 09:33:43,33.31,423,14090
2026-01-02 09:33:44,33.31,486,16189
2026-01-02 09:33:45,33.31,445,14823
2026-01-02 09:33:46,33.31,437,14556
2026-01-02 09:33:47,33.31,471,15689
2026-01-02 09:33:48,33.31,464,15456
2026-01-02 09:33:49,33.31,452,15056
2026-01-02 09:33:50,33.31,449,14956
2026-01-02 09:33:51,33.31,460,15323
2026-01-02 09:33:52,33.31,465,15489
2026-01-02 09:33:53,33.31,479,15955
2026-01-02 09:33:54,33.31,454,15123
2026-01-02 09:33:55,33.31,486,16189
2026-01-02 09:33:56,33.31,459,15289
2026-01-02 09:33:57,33.31,456,15189
2026-01-02 09:33:58,33.31,430,14323
2026-01-02 09:33:59,33.31,480,15989
2026-01-02 09:34:00,33.31,445,14823
2026-01-02 09:34:01,33.31,459,15289
2026-01-02 09:34:02,33.31,431,14357
2026-01-02 09:34:03,33.31,479,15955
2026-01-02 09:34:04,33.31,473,15756
2026-01-02 09:34:05,33.31,437,14556
2026-01-02 09:34:06,33.31,426,14190
2026-01-02 09:34:07,33.31,442,14723
2026-01-02 09:34:08,33.31,490,16322
2026-01-02 09:34:09,33.31,470,15656
2026-01-02 09:34:10,33.31,448,14923
2026-01-02 09:34:11,33.31,457,15223
2026-01-02 09:34:12,33.31,451,15023
2026-01-02 09:34:13,33.31,451,15023
2026-01-02 09:34:14,33.31,463,15423
2026-01-02 09:34:15,33.31,467,15556
2026-01-02 09:34:16,33.31,419,13957
2026-01-02 09:34:17,33.31,451,15023
2026-01-02 09:34:18,33.31,485,16155
2026-01-02 09:34:19,33.31,395,13157
2026-01-02 09:34:20,33.31,429,14290
2026-01-02 09:34:21,33.31,463,15423
2026-01-02 09:34:22,33.31,453,15089
2026-01-02 09:34:23,33.31,453,15089
2026-01-02 09:34:24,33.31,473,15756
2026-01-02 09:34:25,33.31,453,15089
2026-01-02 09:34:26,33.31,452,15056
2026-01-02 09:34:27,33.31,456,15189
2026-01-02 09:34:28,33.31,434,14457
2026-01-02 09:34:29,33.31,440,14656
2026-01-02 09:34:30,33.31,415,13824
2026-01-02 09:34:31,33.31,469,15622
2026-01-02 09:34:32,33.31,433,14423
2026-01-02 09:34:33,33.31,443,14756
2026-01-02 09:34:34,33.31,443,14756
2026-01-02 09:34:35,33.31,443,14756
2026-01-02 09:34:36,33.31,426,14190
2026-01-02 09:34:37,33.31,404,13457
2026-01-02 09:34:38,33.31,452,15056
2026-01-02 09:34:39,33.31,432,14390
2026-01-02 09:34:40,33.31,480,15989
2026-01-02 09:34:41,33.31,420,13990
2026-01-02 09:34:42,33.31,431,14357
2026-01-02 09:34:43,33.31,432,14390
2026-01-02 09:34:44,33.31,451,15023
2026-01-02 09:34:45,33.31,419,13957
2026-01-02 09:34:46,33.31,491,16355
2026-01-02 09:34:47,33.31,458,15256
2026-01-02 09:34:48,33.31,429,14290
2026-01-02 09:34:49,33.31,432,14390
2026-01-02 09:34:50,33.31,469,15622
2026-01-02 09:34:51,33.31,438,14590
2026-01-02 09:34:52,33.23,470,15618
2026-01-02 09:34:53,33.31,426,14190
2026-01-02 09:34:54,33.31,436,14523
2026-01-02 09:34:55,33.31,462,15389
2026-01-02 09:34:56,33.31,437,14556
2026-01-02 09:34:57,33.31,442,14723
2026-01-02 09:34:58,33.31,457,15223
2026-01-02 09:34:59,33.31,433,14423
2026-01-02 09:35:00,33.31,425,14157
2026-01-02 09:35:01,33.29,418,13915
2026-01-02 09:35:02,33.00,457,15081
2026-01-02 09:35:03,33.26,441,14668
2026-01-02 09:35:04,33.31,427,14223
2026-01-02 09:35:05,33.31,488,16255
2026-01-02 09:35:06,33.31,434,14457
2026-01-02 09:35:07,33.31,429,14290
2026-01-02 09:35:08,33.31,427,14223
2026-01-02 09:35:09,33.31,447,14890
2026-01-02 09:35:10,33.31,453,15089
2026-01-02 09:35:11,33.31,482,16055
2026-01-02 09:35:12,33.31,453,15089
2026-01-02 09:35:13,33.31,432,14390
2026-01-02 09:35:14,33.31,413,13757
2026-01-02 09:35:15,33.31,460,15323
2026-01-02 09:35:16,33.31,398,13257
2026-01-02 09:35:17,33.31,447,14890
2026-01-02 09:35:18,33.31,413,13757
2026-01-02 09:35:19,33.31,385,12824
2026-01-02 09:35:20,33.31,424,14123
2026-01-02 09:35:21,33.31,443,14756
2026-01-02 09:35:22,33.31,424,14123
2026-01-02 09:35:23,33.31,452,15056
2026-01-02 09:35:24,33.31,466,15522
2026-01-02 09:35:25,33.31,472,15722
2026-01-02 09:35:26,33.31,442,14723
2026-01-02 09:35:27,33.31,422,14057
2026-01-02 09:35:28,33.31,452,15056
2026-01-02 09:35:29,33.31,441,14690
2026-01-02 09:35:30,33.31,457,15223
2026-01-02 09:35:31,33.31,464,15456
2026-01-02 09:35:32,33.31,388,12924
2026-01-02 09:35:33,33.31,407,13557
2026-01-02 09:35:34,33.31,422,14057
2026-01-02 09:35:35,33.31,443,14756
2026-01-02 09:35:36,33.31,420,13990
2026-01-02 09:35:37,33.31,443,14756
2026-01-02 09:35:38,33.31,449,14956
2026-01-02 09:35:39,33.31,453,15089
2026-01-02 09:35:40,33.31,447,14890
2026-01-02 09:35:41,33.31,433,14423
2026-01-02 09:35:42,33.31,466,15522
2026-01-02 09:35:43,33.31,468,15589
2026-01-02 09:35:44,33.31,438,14590
2026-01-02 09:35:45,33.31,449,14956
2026-01-02 09:35:46,33.31,477,15889
2026-01-02 09:35:47,33.31,445,14823
2026-01-02 09:35:48,33.31,456,15189
2026-01-02 09:35:49,33.31,444,14790
2026-01-02 09:35:50,33.31,449,14956
2026-01-02 09:35:51,33.31,446,14856
2026-01-02 09:35:52,33.31,437,14556
2026-01-02 09:35:53,33.31,468,15589
2026-01-02 09:35:54,33.31,422,14057
2026-01-02 09:35:55,33.31,467,15556
2026-01-02 09:35:56,33.31,468,15589
2026-01-02 09:35:57,33.31,458,15256
2026-01-02 09:35:58,33.31,410,13657
2026-01-02 09:35:59,33.31,488,16255
2026-01-02 09:36:00,33.31,421,14024
2026-01-02 09:36:01,33.31,455,15156
2026-01-02 09:36:02,33.31,458,15256
2026-01-02 09:36:03,33.31,413,13757
2026-01-02 09:36:04,33.31,428,14257
2026-01-02 09:36:05,33.31,461,15356
2026-01-02 09:36:06,33.31,459,15289
2026-01-02 09:36:07,33.31,430,14323
2026-01-02 09:36:08,33.31,448,14923
2026-01-02 09:36:09,33.31,420,13990
2026-01-02 09:36:10,33.31,483,16089
2026-01-02 09:36:11,33.31,379,12624
2026-01-02 09:36:12,33.31,447,14890
2026-01-02 09:36:13,33.31,469,15622
2026-01-02 09:36:14,33.31,432,14390
2026-01-02 09:36:15,33.31,450,14990
2026-01-02 09:36:16,33.31,464,15456
2026-01-02 09:36:17,33.31,419,13957
2026-01-02 09:36:18,33.31,434,14457
2026-01-02 09:36:19,33.31,429,14290
2026-01-02 09:36:20,33.31,451,15023
2026-01-02 09:36:21,33.31,456,15189
2026-01-02 09:36:22,33.31,430,14323
2026-01-02 09:36:23,33.31,437,14556
2026-01-02 09:36:24,33.31,426,14190
2026-01-02 09:36:25,33.31,449,14956
2026-01-02 09:36:26,33.31,431,14357
2026-01-02 09:36:27,33.31,426,14190
2026-01-02 09:36:28,33.31,467,15556
2026-01-02 09:36:29,33.31,481,16022
2026-01-02 09:36:30,33.31,430,14323
2026-01-02 09:36:31,33.31,431,14357
2026-01-02 09:36:32,33.31,472,15722
2026-01-02 09:36:33,33.31,424,14123
2026-01-02 09:36:34,33.31,431,14357
2026-01-02 09:36:35,33.31,433,14423
2026-01-02 09:36:36,33.31,440,14656
2026-01-02 09:36:37,33.31,456,15189
2026-01-02 09:36:38,33.31,411,13690
2026-01-02 09:36:39,33.31,448,14923
2026-01-02 09:36:40,33.31,419,13957
2026-01-02 09:36:41,33.31,457,15223
2026-01-02 09:36:42,33.31,457,15223
2026-01-02 09:36:43,33.31,458,15256
2026-01-02 09:36:44,33.31,456,15189
2026-01-02 09:36:45,33.31,450,14990
2026-01-02 09:36:46,33.31,485,16155
2026-01-02 09:36:47,33.31,467,15556
2026-01-02 09:36:48,33.31,443,14756
2026-01-02 09:36:49,33.31,476,15856
2026-01-02 09:36:50,33.31,419,13957
2026-01-02 09:36:51,33.31,438,14590
2026-01-02 09:36:52,33.31,420,13990
2026-01-02 09:36:53,33.31,475,15822
2026-01-02 09:36:54,33.31,431,14357
2026-01-02 09:36:55,33.31,456,15189
2026-01-02 09:36:56,33.31,437,14556
2026-01-02 09:36:57,33.31,443,14756
2026-01-02 09:36:58,33.31,454,15123
2026-01-02 09:36:59,33.31,464,15456
2026-01-02 09:37:00,33.31,471,15689
2026-01-02 09:37:01,33.31,438,14590
2026-01-02 09:37:02,33.31,393,13091
2026-01-02 09:37:03,33.31,448,14923
2026-01-02 09:37:04,33.31,446,14856
2026-01-02 09:37:05,33.31,422,14057
2026-01-02 09:37:06,33.31,432,14390
2026-01-02 09:37:07,33.31,420,13990
2026-01-02 09:37:08,33.31,406,13524
2026-01-02 09:37:09,33.31,417,13890
2026-01-02 09:37:10,33.31,452,15056
2026-01-02 09:37:11,33.31,422,14057
2026-01-02 09:37:12,33.31,423,14090
2026-01-02 09:37:13,33.31,437,14556
2026-01-02 09:37:14,33.31,426,14190
2026-01-02 09:37:15,33.31,443,14756
2026-01-02 09:37:16,33.31,444,14790
2026-01-02 09:37:17,33.31,466,15522
2026-01-02 09:37:18,33.31,422,14057
2026-01-02 09:37:19,33.31,438,14590
2026-01-02 09:37:20,33.31,449,14956
2026-01-02 09:37:21,33.31,414,13790
2026-01-02 09:37:22,33.31,384,12791
2026-01-02 09:37:23,33.31,472,15722
2026-01-02 09:37:24,33.31,452,15056
2026-01-02 09:37:25,33.31,421,14024
2026-01-02 09:37:26,33.31,444,14790
2026-01-02 09:37:27,33.31,440,14656
2026-01-02 09:37:28,33.31,419,13957
2026-01-02 09:37:29,33.31,452,15056
2026-01-02 09:37:30,33.31,417,13890
2026-01-02 09:37:31,33.31,445,14823
2026-01-02 09:37:32,33.31,382,12724
2026-01-02 09:37:33,33.31,455,15156
2026-01-02 09:37:34,33.31,438,14590
2026-01-02 09:37:35,33.31,435,14490
2026-01-02 09:37:36,33.31,453,15089
2026-01-02 09:37:37,33.31,424,14123
2026-01-02 09:37:38,33.31,469,15622
2026-01-02 09:37:39,33.31,446,14856
2026-01-02 09:37:40,33.31,476,15856
2026-01-02 09:37:41,33.31,435,14490
2026-01-02 09:37:42,33.31,430,14323
2026-01-02 09:37:43,33.31,442,14723
2026-01-02 09:37:44,33.31,437,14556
2026-01-02 09:37:45,33.31,413,13757
2026-01-02 09:37:46,33.31,435,14490
2026-01-02 09:37:47,33.31,433,14423
2026-01-02 09:37:48,33.31,447,14890
2026-01-02 09:37:49,33.31,455,15156
2026-01-02 09:37:50,33.31,389,12958
2026-01-02 09:37:51,33.31,424,14123
2026-01-02 09:37:52,33.31,414,13790
2026-01-02 09:37:53,33.31,427,14223
2026-01-02 09:37:54,33.31,416,13857
2026-01-02 09:37:55,33.31,435,14490
2026-01-02 09:37:56,33.31,426,14190
2026-01-02 09:37:57,33.31,404,13457
2026-01-02 09:37:58,33.31,426,14190
2026-01-02 09:37:59,33.31,407,13557
2026-01-02 09:38:00,33.31,422,14057
2026-01-02 09:38:01,33.31,433,14423
2026-01-02 09:38:02,33.31,412,13724
2026-01-02 09:38:03,33.31,451,15023
2026-01-02 09:38:04,33.31,383,12758
2026-01-02 09:38:05,33.31,453,15089
2026-01-02 09:38:06,33.31,434,14457
2026-01-02 09:38:07,33.31,445,14823
2026-01-02 09:38:08,33.31,435,14490
2026-01-02 09:38:09,33.31,408,13590
2026-01-02 09:38:10,33.31,434,14457
2026-01-02 09:38:11,33.31,467,15556
2026-01-02 09:38:12,33.31,438,14590
2026-01-02 09:38:13,33.31,443,14756
2026-01-02 09:38:14,33.31,430,14323
2026-01-02 09:38:15,33.31,422,14057
2026-01-02 09:38:16,33.31,417,13890
2026-01-02 09:38:17,33.31,482,16055
2026-01-02 09:38:18,33.31,442,14723
2026-01-02 09:38:19,33.31,390,12991
2026-01-02 09:38:20,33.31,452,15056
2026-01-02 09:38:21,33.31,460,15323
2026-01-02 09:38:22,33.31,475,15822
2026-01-02 09:38:23,33.31,454,15123
2026-01-02 09:38:24,33.31,422,14057
2026-01-02 09:38:25,33.31,406,13524
2026-01-02 09:38:26,33.31,427,14223
2026-01-02 09:38:27,33.31,419,13957
2026-01-02 09:38:28,33.31,403,13424
2026-01-02 09:38:29,33.31,439,14623
2026-01-02 09:38:30,33.31,442,14723
2026-01-02 09:38:31,33.31,436,14523
2026-01-02 09:38:32,33.31,403,13424
2026-01-02 09:38:33,33.31,425,14157
2026-01-02 09:38:34,33.31,464,15456
2026-01-02 09:38:35,33.31,428,14257
2026-01-02 09:38:36,33.31,449,14956
2026-01-02 09:38:37,33.31,425,14157
2026-01-02 09:38:38,33.31,419,13957
2026-01-02 09:38:39,33.31,415,13824
2026-01-02 09:38:40,33.31,419,13957
2026-01-02 09:38:41,33.31,429,14290
2026-01-02 09:38:42,33.31,438,14590
2026-01-02 09:38:43,33.31,422,14057
2026-01-02 09:38:44,33.31,423,14090
2026-01-02 09:38:45,33.31,437,14556
2026-01-02 09:38:46,33.31,430,14323
2026-01-02 09:38:47,33.31,419,13957
2026-01-02 09:38:48,33.31,461,15356
2026-01-02 09:38:49,33.31,432,14390
2026-01-02 09:38:50,33.31,470,15656
2026-01-02 09:38:51,33.31,455,15156
2026-01-02 09:38:52,33.31,409,13624
2026-01-02 09:38:53,33.31,454,15123
2026-01-02 09:38:54,33.31,421,14024
2026-01-02 09:38:55,33.31,434,14457
2026-01-02 09:38:56,33.31,433,14423
2026-01-02 09:38:57,33.31,396,13191
2026-01-02 09:38:58,33.31,470,15656
2026-01-02 09:38:59,33.31,428,14257
2026-01-02 09:39:00,33.31,473,15756
2026-01-02 09:39:01,33.31,473,15756
2026-01-02 09:39:02,33.31,445,14823
2026-01-02 09:39:03,33.31,433,14423
2026-01-02 09:39:04,33.31,449,14956
2026-01-02 09:39:05,33.31,442,14723
2026-01-02 09:39:06,33.31,441,14690
2026-01-02 09:39:07,33.31,423,14090
2026-01-02 09:39:08,33.31,423,14090
2026-01-02 09:39:09,33.31,392,13058
2026-01-02 09:39:10,33.31,396,13191
2026-01-02 09:39:11,33.31,422,14057
2026-01-02 09:39:12,33.31,432,14390
2026-01-02 09:39:13,33.31,394,13124
2026-01-02 09:39:14,33.31,429,14290
2026-01-02 09:39:15,33.31,391,13024
2026-01-02 09:39:16,33.31,408,13590
2026-01-02 09:39:17,33.31,449,14956
2026-01-02 09:39:18,33.31,418,13924
2026-01-02 09:39:19,33.31,404,13457
2026-01-02 09:39:20,33.31,437,14556
2026-01-02 09:39:21,33.31,386,12858
2026-01-02 09:39:22,33.31,423,14090
2026-01-02 09:39:23,33.31,402,13391
2026-01-02 09:39:24,33.31,448,14923
2026-01-02 09:39:25,33.31,387,12891
2026-01-02 09:39:26,33.31,449,14956
2026-01-02 09:39:27,33.31,404,13457
2026-01-02 09:39:28,33.31,432,14390
2026-01-02 09:39:29,33.31,437,14556
2026-01-02 09:39:30,33.31,440,14656
2026-01-02 09:39:31,33.31,423,14090
2026-01-02 09:39:32,33.31,411,13690
2026-01-02 09:39:33,33.31,414,13790
2026-01-02 09:39:34,33.31,432,14390
2026-01-02 09:39:35,33.31,435,14490
2026-01-02 09:39:36,33.31,410,13657
2026-01-02 09:39:37,33.31,442,14723
2026-01-02 09:39:38,33.31,449,14956
2026-01-02 09:39:39,33.31,419,13957
2026-01-02 09:39:40,33.31,426,14190
2026-01-02 09:39:41,33.31,433,14423
2026-01-02 09:39:42,33.31,401,13357
2026-01-02 09:39:43,33.31,433,14423
2026-01-02 09:39:44,33.31,438,14590
2026-01-02 09:39:45,33.31,402,13391
2026-01-02 09:39:46,33.31,400,13324
2026-01-02 09:39:47,33.31,400,13324
2026-01-02 09:39:48,33.31,431,14357
2026-01-02 09:39:49,33.31,403,13424
2026-01-02 09:39:50,33.31,403,13424
2026-01-02 09:39:51,33.31,415,13824
2026-01-02 09:39:52,33.31,418,13924
2026-01-02 09:39:53,33.31,408,13590
2026-01-02 09:39:54,33.31,404,13457
2026-01-02 09:39:55,33.31,450,14990
2026-01-02 09:39:56,33.31,428,14257
2026-01-02 09:39:57,33.31,437,14556
2026-01-02 09:39:58,33.31,402,13391
2026-01-02 09:39:59,33.31,383,12758
2026-01-02 09:40:00,33.31,413,13757
2026-01-02 09:40:01,33.31,447,14890
2026-01-02 09:40:02,33.31,462,15389
2026-01-02 09:40:03,33.31,435,14490
2026-01-02 09:40:04,33.31,413,13757
2026-01-02 09:40:05,33.31,435,14490
2026-01-02 09:40:06,33.31,441,14690
2026-01-02 09:40:07,33.31,414,13790
2026-01-02 09:40:08,33.31,438,14590
2026-01-02 09:40:09,33.31,476,15856
2026-01-02 09:40:10,33.31,425,14157
2026-01-02 09:40:11,33.31,402,13391
2026-01-02 09:40:12,33.31,390,12991
2026-01-02 09:40:13,33.31,418,13924
2026-01-02 09:40:14,33.31,419,13957
2026-01-02 09:40:15,33.31,416,13857
2026-01-02 09:40:16,33.31,408,13590
2026-01-02 09:40:17,33.31,378,12591
2026-01-02 09:40:18,33.31,400,13324
2026-01-02 09:40:19,33.31,416,13857
2026-01-02 09:40:20,33.31,427,14223
2026-01-02 09:40:21,33.31,407,13557
2026-01-02 09:40:22,33.31,432,14390
2026-01-02 09:40:23,33.31,397,13224
2026-01-02 09:40:24,33.31,402,13391
2026-01-02 09:40:25,33.31,417,13890
2026-01-02 09:40:26,33.31,426,14190
2026-01-02 09:40:27,33.31,419,13957
2026-01-02 09:40:28,33.31,406,13524
2026-01-02 09:40:29,33.31,394,13124
2026-01-02 09:40:30,33.31,424,14123
2026-01-02 09:40:31,33.31,442,14723
2026-01-02 09:40:32,33.31,397,13224
2026-01-02 09:40:33,33.31,458,15256
2026-01-02 09:40:34,33.31,415,13824
2026-01-02 09:40:35,33.31,407,13557
2026-01-02 09:40:36,33.31,424,14123
2026-01-02 09:40:37,33.31,441,14690
2026-01-02 09:40:38,33.31,392,13058
2026-01-02 09:40:39,33.31,444,14790
2026-01-02 09:40:40,33.31,434,14457
2026-01-02 09:40:41,33.31,427,14223
2026-01-02 09:40:42,33.31,415,13824
2026-01-02 09:40:43,33.31,424,14123
2026-01-02 09:40:44,33.31,428,14257
2026-01-02 09:40:45,33.31,439,14623
2026-01-02 09:40:46,33.31,427,14223
2026-01-02 09:40:47,33.31,435,14490
2026-01-02 09:40:48,33.31,393,13091
2026-01-02 09:40:49,33.31,464,15456
2026-01-02 09:40:50,33.31,431,14357
2026-01-02 09:40:51,33.31,402,13391
2026-01-02 09:40:52,33.31,456,15189
2026-01-02 09:40:53,33.31,419,13957
2026-01-02 09:40:54,33.31,405,13491
2026-01-02 09:40:55,33.31,399,13291
2026-01-02 09:40:56,33.31,398,13257
2026-01-02 09:40:57,33.31,441,14690
2026-01-02 09:40:58,33.31,412,13724
2026-01-02 09:40:59,33.31,443,14756
2026-01-02 09:41:00,33.31,417,13890
2026-01-02 09:41:01,33.31,439,14623
2026-01-02 09:41:02,33.31,425,14157
2026-01-02 09:41:03,33.31,392,13058
2026-01-02 09:41:04,33.31,416,13857
2026-01-02 09:41:05,33.31,442,14723
2026-01-02 09:41:06,33.31,442,14723
2026-01-02 09:41:07,33.31,448,14923
2026-01-02 09:41:08,33.31,412,13724
2026-01-02 09:41:09,33.31,420,13990
2026-01-02 09:41:10,33.31,418,13924
2026-01-02 09:41:11,33.31,426,14190
2026-01-02 09:41:12,33.31,410,13657
2026-01-02 09:41:13,33.31,441,14690
2026-01-02 09:41:14,33.31,429,14290
2026-01-02 09:41:15,33.31,375,12491
2026-01-02 09:41:16,33.31,438,14590
2026-01-02 09:41:17,33.31,396,13191
2026-01-02 09:41:18,33.31,429,14290
2026-01-02 09:41:19,33.31,380,12658
2026-01-02 09:41:20,33.20,423,14044
2026-01-02 09:41:21,33.31,398,13257
2026-01-02 09:41:22,33.31,427,14223
2026-01-02 09:41:23,33.31,454,15123
2026-01-02 09:41:24,33.31,412,13724
2026-01-02 09:41:25,33.31,409,13624
2026-01-02 09:41:26,33.31,428,14257
2026-01-02 09:41:27,33.31,407,13557
2026-01-02 09:41:28,33.31,381,12691
2026-01-02 09:41:29,33.31,387,12891
2026-01-02 09:41:30,33.31,424,14123
2026-01-02 09:41:31,33.31,407,13557
2026-01-02 09:41:32,33.31,417,13890
2026-01-02 09:41:33,33.31,417,13890
2026-01-02 09:41:34,33.31,427,14223
2026-01-02 09:41:35,33.31,426,14190
2026-01-02 09:41:36,33.31,415,13824
2026-01-02 09:41:37,33.31,460,15323
2026-01-02 09:41:38,33.31,441,14690
2026-01-02 09:41:39,33.31,425,14157
2026-01-02 09:41:40,33.31,418,13924
2026-01-02 09:41:41,33.31,433,14423
2026-01-02 09:41:42,33.31,408,13590
2026-01-02 09:41:43,33.31,383,12758
2026-01-02 09:41:44,33.31,397,13224
2026-01-02 09:41:45,33.31,408,13590
2026-01-02 09:41:46,33.31,419,13957
2026-01-02 09:41:47,33.31,398,13257
2026-01-02 09:41:48,33.31,422,14057
2026-01-02 09:41:49,33.31,421,14024
2026-01-02 09:41:50,33.31,446,14856
2026-01-02 09:41:51,33.31,407,13557
2026-01-02 09:41:52,33.31,400,13324
2026-01-02 09:41:53,33.31,419,13957
2026-01-02 09:41:54,33.31,408,13590
2026-01-02 09:41:55,33.31,395,13157
2026-01-02 09:41:56,33.31,405,13491
2026-01-02 09:41:57,33.31,392,13058
2026-01-02 09:41:58,33.31,408,13590
2026-01-02 09:41:59,33.31,414,13790
2026-01-02 09:42:00,33.31,421,14024
2026-01-02 09:42:01,33.31,447,14890
2026-01-02 09:42:02,33.31,378,12591
2026-01-02 09:42:03,33.31,439,14623
2026-01-02 09:42:04,33.31,427,14223
2026-01-02 09:42:05,33.31,426,14190
2026-01-02 09:42:06,33.31,427,14223
2026-01-02 09:42:07,33.31,393,13091
2026-01-02 09:42:08,33.31,417,13890
2026-01-02 09:42:09,33.31,395,13157
2026-01-02 09:42:10,33.31,444,14790
2026-01-02 09:42:11,33.31,419,13957
2026-01-02 09:42:12,33.31,414,13790
2026-01-02 09:42:13,33.31,432,14390
2026-01-02 09:42:14,33.31,422,14057
2026-01-02 09:42:15,33.31,441,14690
2026-01-02 09:42:16,33.31,423,14090
2026-01-02 09:42:17,33.31,437,14556
2026-01-02 09:42:18,33.31,400,13324
2026-01-02 09:42:19,33.31,400,13324
2026-01-02 09:42:20,33.31,421,14024
2026-01-02 09:42:21,33.31,428,14257
2026-01-02 09:42:22,33.31,446,14856
2026-01-02 09:42:23,33.31,427,14223
2026-01-02 09:42:24,33.31,395,13157
2026-01-02 09:42:25,33.31,383,12758
2026-01-02 09:42:26,33.31,421,14024
2026-01-02 09:42:27,33.31,387,12891
2026-01-02 09:42:28,33.31,430,14323
2026-01-02 09:42:29,33.31,434,14457
2026-01-02 09:42:30,33.31,419,13957
2026-01-02 09:42:31,33.31,399,13291
2026-01-02 09:42:32,33.31,414,13790
2026-01-02 09:42:33,33.31,440,14656
2026-01-02 09:42:34,33.31,422,14057
2026-01-02 09:42:35,33.31,435,14490
2026-01-02 09:42:36,33.31,396,13191
2026-01-02 09:42:37,33.31,409,13624
2026-01-02 09:42:38,33.31,417,13890
2026-01-02 09:42:39,33.31,381,12691
2026-01-02 09:42:40,33.31,431,14357
2026-01-02 09:42:41,33.31,403,13424
2026-01-02 09:42:42,33.31,424,14123
2026-01-02 09:42:43,33.31,399,13291
2026-01-02 09:42:44,33.31,420,13990
2026-01-02 09:42:45,33.31,413,13757
2026-01-02 09:42:46,33.31,411,13690
2026-01-02 09:42:47,33.31,387,12891
2026-01-02 09:42:48,33.31,400,13324
2026-01-02 09:42:49,33.31,399,13291
2026-01-02 09:42:50,33.31,408,13590
2026-01-02 09:42:51,33.29,389,12950
2026-01-02 09:42:52,33.31,412,13724
2026-01-02 09:42:53,33.31,394,13124
2026-01-02 09:42:54,33.31,420,13990
2026-01-02 09:42:55,33.31,392,13058
2026-01-02 09:42:56,33.31,418,13924
2026-01-02 09:42:57,33.31,445,14823
2026-01-02 09:42:58,33.31,419,13957
2026-01-02 09:42:59,33.31,386,12858
2026-01-02 09:43:00,33.31,413,13757
2026-01-02 09:43:01,33.31,374,12458
2026-01-02 09:43:02,33.31,417,13890
2026-01-02 09:43:03,33.31,395,13157
2026-01-02 09:43:04,33.31,393,13091
2026-01-02 09:43:05,33.31,427,14223
2026-01-02 09:43:06,33.31,391,13024
2026-01-02 09:43:07,33.31,385,12824
2026-01-02 09:43:08,33.31,420,13990
2026-01-02 09:43:09,33.31,404,13457
2026-01-02 09:43:10,33.31,425,14157
2026-01-02 09:43:11,33.31,403,13424
2026-01-02 09:43:12,33.31,396,13191
2026-01-02 09:43:13,33.31,427,14223
2026-01-02 09:43:14,33.31,391,13024
2026-01-02 09:43:15,33.31,401,13357
2026-01-02 09:43:16,33.31,410,13657
2026-01-02 09:43:17,33.31,352,11725
2026-01-02 09:43:18,33.31,461,15356
2026-01-02 09:43:19,33.31,402,13391
2026-01-02 09:43:20,33.31,393,13091
2026-01-02 09:43:21,33.31,409,13624
2026-01-02 09:43:22,33.31,399,13291
2026-01-02 09:43:23,33.31,373,12425
2026-01-02 09:43:24,33.31,395,13157
2026-01-02 09:43:25,33.31,372,12391
2026-01-02 09:43:26,33.31,401,13357
2026-01-02 09:43:27,33.31,418,13924
2026-01-02 09:43:28,33.31,387,12891
2026-01-02 09:43:29,33.31,388,12924
2026-01-02 09:43:30,33.31,402,13391
2026-01-02 09:43:31,33.31,412,13724
2026-01-02 09:43:32,33.31,398,13257
2026-01-02 09:43:33,33.31,381,12691
2026-01-02 09:43:34,33.31,383,12758
2026-01-02 09:43:35,33.31,413,13757
2026-01-02 09:43:36,33.31,402,13391
2026-01-02 09:43:37,33.31,395,13157
2026-01-02 09:43:38,33.31,421,14024
2026-01-02 09:43:39,33.31,407,13557
2026-01-02 09:43:40,33.31,398,13257
2026-01-02 09:43:41,33.31,437,14556
2026-01-02 09:43:42,33.31,422,14057
2026-01-02 09:43:43,33.31,387,12891
2026-01-02 09:43:44,33.31,423,14090
2026-01-02 09:43:45,33.31,435,14490
2026-01-02 09:43:46,33.31,416,13857
2026-01-02 09:43:47,33.31,396,13191
2026-01-02 09:43:48,33.31,416,13857
2026-01-02 09:43:49,33.31,386,12858
2026-01-02 09:43:50,33.31,353,11758
2026-01-02 09:43:51,33.31,397,13224
2026-01-02 09:43:52,33.31,417,13890
2026-01-02 09:43:53,33.31,405,13491
2026-01-02 09:43:54,33.31,402,13391
2026-01-02 09:43:55,33.31,402,13391
2026-01-02 09:43:56,33.31,433,14423
2026-01-02 09:43:57,33.31,415,13824
2026-01-02 09:43:58,33.31,398,13257
2026-01-02 09:43:59,33.31,430,14323
2026-01-02 09:44:00,33.31,402,13391
2026-01-02 09:44:01,33.31,464,15456
2026-01-02 09:44:02,33.31,432,14390
2026-01-02 09:44:03,33.31,421,14024
2026-01-02 09:44:04,33.31,415,13824
2026-01-02 09:44:05,33.31,422,14057
2026-01-02 09:44:06,33.31,443,14756
2026-01-02 09:44:07,33.31,420,13990
2026-01-02 09:44:08,33.31,420,13990
2026-01-02 09:44:09,33.31,405,13491
2026-01-02 09:44:10,33.31,420,13990
2026-01-02 09:44:11,33.31,405,13491
2026-01-02 09:44:12,33.31,434,14457
2026-01-02 09:44:13,33.31,383,12758
2026-01-02 09:44:14,33.31,412,13724
2026-01-02 09:44:15,33.31,429,14290
2026-01-02 09:44:16,33.31,389,12958
2026-01-02 09:44:17,33.31,391,13024
2026-01-02 09:44:18,33.31,379,12624
2026-01-02 09:44:19,33.31,365,12158
2026-01-02 09:44:20,33.31,427,14223
2026-01-02 09:44:21,33.31,363,12092
2026-01-02 09:44:22,33.31,418,13924
2026-01-02 09:44:23,33.31,382,12724
2026-01-02 09:44:24,33.31,426,14190
2026-01-02 09:44:25,33.31,399,13291
2026-01-02 09:44:26,33.31,422,14057
2026-01-02 09:44:27,33.31,385,12824
2026-01-02 09:44:28,33.31,423,14090
2026-01-02 09:44:29,33.31,417,13890
2026-01-02 09:44:30,33.31,418,13924
2026-01-02 09:44:31,33.31,397,13224
2026-01-02 09:44:32,33.31,410,13657
2026-01-02 09:44:33,33.31,375,12491
2026-01-02 09:44:34,33.31,429,14290
2026-01-02 09:44:35,33.31,390,12991
2026-01-02 09:44:36,33.31,425,14157
2026-01-02 09:44:37,33.31,406,13524
2026-01-02 09:44:38,33.31,436,14523
2026-01-02 09:44:39,33.31,402,13391
2026-01-02 09:44:40,33.31,381,12691
2026-01-02 09:44:41,33.31,373,12425
2026-01-02 09:44:42,33.31,393,13091
2026-01-02 09:44:43,33.31,417,13890
2026-01-02 09:44:44,33.31,373,12425
2026-01-02 09:44:45,33.31,373,12425
2026-01-02 09:44:46,33.31,397,13224
2026-01-02 09:44:47,33.31,416,13857
2026-01-02 09:44:48,33.31,425,14157
2026-01-02 09:44:49,33.31,436,14523
2026-01-02 09:44:50,33.31,388,12924
2026-01-02 09:44:51,33.31,397,13224
2026-01-02 09:44:52,33.31,393,13091
2026-01-02 09:44:53,33.31,423,14090
2026-01-02 09:44:54,33.31,385,12824
2026-01-02 09:44:55,33.31,432,14390
2026-01-02 09:44:56,33.31,386,12858
2026-01-02 09:44:57,33.31,396,13191
2026-01-02 09:44:58,33.31,411,13690
2026-01-02 09:44:59,33.31,424,14123
2026-01-02 09:45:00,33.31,411,13690
2026-01-02 09:45:01,33.31,424,14123
2026-01-02 09:45:02,33.31,378,12591
2026-01-02 09:45:03,33.31,387,12891
2026-01-02 09:45:04,33.31,361,12025
2026-01-02 09:45:05,33.31,395,13157
2026-01-02 09:45:06,33.31,378,12591
2026-01-02 09:45:07,33.31,403,13424
2026-01-02 09:45:08,33.31,419,13957
2026-01-02 09:45:09,33.31,432,14390
2026-01-02 09:45:10,33.31,390,12991
2026-01-02 09:45:11,33.31,437,14556
2026-01-02 09:45:12,33.31,412,13724
2026-01-02 09:45:13,33.31,420,13990
2026-01-02 09:45:14,33.31,381,12691
2026-01-02 09:45:15,33.31,432,14390
2026-01-02 09:45:16,33.31,390,12991
2026-01-02 09:45:17,33.31,426,14190
2026-01-02 09:45:18,33.31,439,14623
2026-01-02 09:45:19,33.31,421,14024
2026-01-02 09:45:20,33.31,394,13124
2026-01-02 09:45:21,33.31,405,13491
2026-01-02 09:45:22,33.31,393,13091
2026-01-02 09:45:23,33.31,415,13824
2026-01-02 09:45:24,33.31,397,13224
2026-01-02 09:45:25,33.31,446,14856
2026-01-02 09:45:26,33.31,433,14423
2026-01-02 09:45:27,33.31,409,13624
2026-01-02 09:45:28,33.31,388,12924
2026-01-02 09:45:29,33.31,413,13757
2026-01-02 09:45:30,33.31,386,12858
2026-01-02 09:45:31,33.31,396,13191
2026-01-02 09:45:32,33.31,402,13391
2026-01-02 09:45:33,33.31,410,13657
2026-01-02 09:45:34,33.31,378,12591
2026-01-02 09:45:35,33.31,408,13590
2026-01-02 09:45:36,33.31,404,13457
2026-01-02 09:45:37,33.31,408,13590
2026-01-02 09:45:38,33.31,421,14024
2026-01-02 09:45:39,33.31,384,12791
2026-01-02 09:45:40,33.31,389,12958
2026-01-02 09:45:41,33.31,370,12325
2026-01-02 09:45:42,33.31,384,12791
2026-01-02 09:45:43,33.31,375,12491
2026-01-02 09:45:44,33.31,410,13657
2026-01-02 09:45:45,33.31,400,13324
2026-01-02 09:45:46,33.31,425,14157
2026-01-02 09:45:47,33.31,353,11758
2026-01-02 09:45:48,33.31,374,12458
2026-01-02 09:45:49,33.31,365,12158
2026-01-02 09:45:50,33.31,395,13157
2026-01-02 09:45:51,33.31,410,13657
2026-01-02 09:45:52,33.31,361,12025
2026-01-02 09:45:53,33.31,375,12491
2026-01-02 09:45:54,33.31,364,12125
2026-01-02 09:45:55,33.31,440,14656
2026-01-02 09:45:56,33.31,426,14190
2026-01-02 09:45:57,33.31,458,15256
2026-01-02 09:45:58,33.31,418,13924
2026-01-02 09:45:59,33.31,404,13457
2026-01-02 09:46:00,33.31,389,12958
2026-01-02 09:46:01,33.31,390,12991
2026-01-02 09:46:02,33.31,417,13890
2026-01-02 09:46:03,33.31,395,13157
2026-01-02 09:46:04,33.31,453,15089
2026-01-02 09:46:05,33.31,410,13657
2026-01-02 09:46:06,33.31,383,12758
2026-01-02 09:46:07,33.31,439,14623
2026-01-02 09:46:08,33.31,445,14823
2026-01-02 09:46:09,33.31,395,13157
2026-01-02 09:46:10,33.31,388,12924
2026-01-02 09:46:11,33.31,378,12591
2026-01-02 09:46:12,33.31,439,14623
2026-01-02 09:46:13,33.31,407,13557
2026-01-02 09:46:14,33.31,382,12724
2026-01-02 09:46:15,33.31,381,12691
2026-01-02 09:46:16,33.31,379,12624
2026-01-02 09:46:17,33.31,383,12758
2026-01-02 09:46:18,33.31,390,12991
2026-01-02 09:46:19,33.31,396,13191
2026-01-02 09:46:20,33.31,410,13657
2026-01-02 09:46:21,33.31,404,13457
2026-01-02 09:46:22,33.31,395,13157
2026-01-02 09:46:23,33.31,400,13324
2026-01-02 09:46:24,33.31,406,13524
2026-01-02 09:46:25,33.31,406,13524
2026-01-02 09:46:26,33.31,385,12824
2026-01-02 09:46:27,33.31,389,12958
2026-01-02 09:46:28,33.31,380,12658
2026-01-02 09:46:29,33.31,412,13724
2026-01-02 09:46:30,33.31,362,12058
2026-01-02 09:46:31,33.31,404,13457
2026-01-02 09:46:32,33.31,420,13990
2026-01-02 09:46:33,33.31,388,12924
2026-01-02 09:46:34,33.31,413,13757
2026-01-02 09:46:35,33.31,414,13790
2026-01-02 09:46:36,33.31,369,12291
2026-01-02 09:46:37,33.31,388,12924
2026-01-02 09:46:38,33.31,391,13024
2026-01-02 09:46:39,33.31,399,13291
2026-01-02 09:46:40,33.31,415,13824
2026-01-02 09:46:41,33.31,369,12291
2026-01-02 09:46:42,33.31,380,12658
2026-01-02 09:46:43,33.31,392,13058
2026-01-02 09:46:44,33.31,404,13457
2026-01-02 09:46:45,33.31,363,12092
2026-01-02 09:46:46,33.31,414,13790
2026-01-02 09:46:47,33.31,385,12824
2026-01-02 09:46:48,33.31,368,12258
2026-01-02 09:46:49,33.31,395,13157
2026-01-02 09:46:50,33.31,435,14490
2026-01-02 09:46:51,33.31,388,12924
2026-01-02 09:46:52,33.31,386,12858
2026-01-02 09:46:53,33.31,380,12658
2026-01-02 09:46:54,33.31,374,12458
2026-01-02 09:46:55,33.31,388,12924
2026-01-02 09:46:56,33.31,377,12558
2026-01-02 09:46:57,33.31,433,14423
2026-01-02 09:46:58,33.31,391,13024
2026-01-02 09:46:59,33.31,424,14123
2026-01-02 09:47:00,33.31,395,13157
2026-01-02 09:47:01,33.31,390,12991
2026-01-02 09:47:02,33.31,386,12858
2026-01-02 09:47:03,33.31,385,12824
2026-01-02 09:47:04,33.31,349,11625
2026-01-02 09:47:05,33.31,424,14123
2026-01-02 09:47:06,33.31,383,12758
2026-01-02 09:47:07,33.31,377,12558
2026-01-02 09:47:08,33.31,408,13590
2026-01-02 09:47:09,33.31,402,13391
2026-01-02 09:47:10,33.31,413,13757
2026-01-02 09:47:11,33.31,366,12191
2026-01-02 09:47:12,33.31,430,14323
2026-01-02 09:47:13,33.31,413,13757
2026-01-02 09:47:14,33.31,380,12658
2026-01-02 09:47:15,33.31,436,14523
2026-01-02 09:47:16,33.31,368,12258
2026-01-02 09:47:17,33.31,413,13757
2026-01-02 09:47:18,33.31,404,13457
2026-01-02 09:47:19,33.31,419,13957
2026-01-02 09:47:20,33.31,361,12025
2026-01-02 09:47:21,33.31,373,12425
2026-01-02 09:47:22,33.31,360,11992
2026-01-02 09:47:23,33.31,385,12824
2026-01-02 09:47:24,33.31,416,13857
2026-01-02 09:47:25,33.31,362,12058
2026-01-02 09:47:26,33.31,433,14423
2026-01-02 09:47:27,33.31,387,12891
2026-01-02 09:47:28,33.31,389,12958
2026-01-02 09:47:29,33.31,377,12558
2026-01-02 09:47:30,33.31,407,13557
2026-01-02 09:47:31,33.31,384,12791
2026-01-02 09:47:32,33.31,383,12758
2026-01-02 09:47:33,33.31,371,12358
2026-01-02 09:47:34,33.31,367,12225
2026-01-02 09:47:35,33.31,378,12591
2026-01-02 09:47:36,33.31,355,11825
2026-01-02 09:47:37,33.31,386,12858
2026-01-02 09:47:38,33.31,375,12491
2026-01-02 09:47:39,33.31,417,13890
2026-01-02 09:47:40,33.31,391,13024
2026-01-02 09:47:41,33.31,409,13624
2026-01-02 09:47:42,33.31,410,13657
2026-01-02 09:47:43,33.31,384,12791
2026-01-02 09:47:44,33.31,394,13124
2026-01-02 09:47:45,33.31,351,11692
2026-01-02 09:47:46,33.31,421,14024
2026-01-02 09:47:47,33.31,405,13491
2026-01-02 09:47:48,33.31,370,12325
2026-01-02 09:47:49,33.31,379,12624
2026-01-02 09:47:50,33.31,398,13257
2026-01-02 09:47:51,33.31,364,12125
2026-01-02 09:47:52,33.31,344,11459
2026-01-02 09:47:53,33.31,382,12724
2026-01-02 09:47:54,33.31,374,12458
2026-01-02 09:47:55,33.31,410,13657
2026-01-02 09:47:56,33.31,397,13224
2026-01-02 09:47:57,33.31,383,12758
2026-01-02 09:47:58,33.31,383,12758
2026-01-02 09:47:59,33.31,385,12824
2026-01-02 09:48:00,33.31,411,13690
2026-01-02 09:48:01,33.31,399,13291
2026-01-02 09:48:02,33.31,411,13690
2026-01-02 09:48:03,33.31,397,13224
2026-01-02 09:48:04,33.31,355,11825
2026-01-02 09:48:05,33.31,396,13191
2026-01-02 09:48:06,33.31,365,12158
2026-01-02 09:48:07,33.31,412,13724
2026-01-02 09:48:08,33.31,407,13557
2026-01-02 09:48:09,33.31,413,13757
2026-01-02 09:48:10,33.31,391,13024
2026-01-02 09:48:11,33.31,382,12724
2026-01-02 09:48:12,33.31,389,12958
2026-01-02 09:48:13,33.31,360,11992
2026-01-02 09:48:14,33.31,351,11692
2026-01-02 09:48:15,33.31,376,12525
2026-01-02 09:48:16,33.31,353,11758
2026-01-02 09:48:17,33.31,381,12691
2026-01-02 09:48:18,33.31,383,12758
2026-01-02 09:48:19,33.31,375,12491
2026-01-02 09:48:20,33.31,365,12158
2026-01-02 09:48:21,33.31,394,13124
2026-01-02 09:48:22,33.31,382,12724
2026-01-02 09:48:23,33.31,378,12591
2026-01-02 09:48:24,33.31,401,13357
2026-01-02 09:48:25,33.31,371,12358
2026-01-02 09:48:26,33.31,379,12624
2026-01-02 09:48:27,33.31,401,13357
2026-01-02 09:48:28,33.31,348,11592
2026-01-02 09:48:29,33.31,380,12658
2026-01-02 09:48:30,33.31,369,12291
2026-01-02 09:48:31,33.31,387,12891
2026-01-02 09:48:32,33.31,394,13124
2026-01-02 09:48:33,33.31,397,13224
2026-01-02 09:48:34,33.31,374,12458
2026-01-02 09:48:35,33.31,371,12358
2026-01-02 09:48:36,33.31,412,13724
2026-01-02 09:48:37,33.31,386,12858
2026-01-02 09:48:38,33.31,411,13690
2026-01-02 09:48:39,33.31,392,13058
2026-01-02 09:48:40,33.31,380,12658
2026-01-02 09:48:41,33.31,413,13757
2026-01-02 09:48:42,33.31,378,12591
2026-01-02 09:48:43,33.31,355,11825
2026-01-02 09:48:44,33.31,358,11925
2026-01-02 09:48:45,33.31,396,13191
2026-01-02 09:48:46,33.31,398,13257
2026-01-02 09:48:47,33.31,396,13191
2026-01-02 09:48:48,33.31,383,12758
2026-01-02 09:48:49,33.31,315,10493
2026-01-02 09:48:50,33.31,395,13157
2026-01-02 09:48:51,33.31,394,13124
2026-01-02 09:48:52,33.31,381,12691
2026-01-02 09:48:53,33.31,378,12591
2026-01-02 09:48:54,33.31,336,11192
2026-01-02 09:48:55,33.31,388,12924
2026-01-02 09:48:56,33.31,392,13058
2026-01-02 09:48:57,33.31,383,12758
2026-01-02 09:48:58,33.31,381,12691
2026-01-02 09:48:59,33.31,383,12758
2026-01-02 09:49:00,33.31,370,12325
2026-01-02 09:49:01,33.31,408,13590
2026-01-02 09:49:02,33.31,396,13191
2026-01-02 09:49:03,33.31,386,12858
2026-01-02 09:49:04,33.31,341,11359
2026-01-02 09:49:05,33.31,400,13324
2026-01-02 09:49:06,33.31,328,10926
2026-01-02 09:49:07,33.31,413,13757
2026-01-02 09:49:08,33.31,363,12092
2026-01-02 09:49:09,33.31,373,12425
2026-01-02 09:49:10,33.31,362,12058
2026-01-02 09:49:11,33.31,376,12525
2026-01-02 09:49:12,33.31,396,13191
2026-01-02 09:49:13,33.31,378,12591
2026-01-02 09:49:14,33.31,371,12358
2026-01-02 09:49:15,33.31,410,13657
2026-01-02 09:49:16,33.31,357,11892
2026-01-02 09:49:17,33.31,386,12858
2026-01-02 09:49:18,33.31,391,13024
2026-01-02 09:49:19,33.31,411,13690
2026-01-02 09:49:20,33.31,385,12824
2026-01-02 09:49:21,33.31,364,12125
2026-01-02 09:49:22,33.31,364,12125
2026-01-02 09:49:23,33.31,389,12958
2026-01-02 09:49:24,33.31,413,13757
2026-01-02 09:49:25,33.31,406,13524
2026-01-02 09:49:26,33.31,408,13590
2026-01-02 09:49:27,33.31,396,13191
2026-01-02 09:49:28,33.31,381,12691
2026-01-02 09:49:29,33.31,388,12924
2026-01-02 09:49:30,33.31,358,11925
2026-01-02 09:49:31,33.31,410,13657
2026-01-02 09:49:32,33.31,398,13257
2026-01-02 09:49:33,33.31,363,12092
2026-01-02 09:49:34,33.31,387,12891
2026-01-02 09:49:35,33.31,389,12958
2026-01-02 09:49:36,33.31,401,13357
2026-01-02 09:49:37,33.31,382,12724
2026-01-02 09:49:38,33.31,372,12391
2026-01-02 09:49:39,33.31,413,13757
2026-01-02 09:49:40,33.31,354,11792
2026-01-02 09:49:41,33.31,383,12758
2026-01-02 09:49:42,33.31,393,13091
2026-01-02 09:49:43,33.31,380,12658
2026-01-02 09:49:44,33.31,353,11758
2026-01-02 09:49:45,33.31,398,13257
2026-01-02 09:49:46,33.31,381,12691
2026-01-02 09:49:47,33.31,376,12525
2026-01-02 09:49:48,33.31,386,12858
2026-01-02 09:49:49,33.31,386,12858
2026-01-02 09:49:50,33.31,386,12858
2026-01-02 09:49:51,33.31,404,13457
2026-01-02 09:49:52,33.31,387,12891
2026-01-02 09:49:53,33.31,354,11792
2026-01-02 09:49:54,33.31,377,12558
2026-01-02 09:49:55,33.31,381,12691
2026-01-02 09:49:56,33.31,381,12691
2026-01-02 09:49:57,33.31,387,12891
2026-01-02 09:49:58,33.31,400,13324
2026-01-02 09:49:59,33.31,385,12824
2026-01-02 09:50:00,33.31,388,12924
2026-01-02 09:50:01,33.31,384,12791
2026-01-02 09:50:02,33.31,347,11559
2026-01-02 09:50:03,33.31,435,14490
2026-01-02 09:50:04,33.31,370,12325
2026-01-02 09:50:05,33.31,379,12624
2026-01-02 09:50:06,33.31,406,13524
2026-01-02 09:50:07,33.31,349,11625
2026-01-02 09:50:08,33.31,418,13924
2026-01-02 09:50:09,33.31,392,13058
2026-01-02 09:50:10,33.31,380,12658
2026-01-02 09:50:11,33.31,363,12092
2026-01-02 09:50:12,33.31,397,13224
2026-01-02 09:50:13,33.31,369,12291
2026-01-02 09:50:14,33.31,389,12958
2026-01-02 09:50:15,33.31,358,11925
2026-01-02 09:50:16,33.31,384,12791
2026-01-02 09:50:17,33.31,395,13157
2026-01-02 09:50:18,33.31,403,13424
2026-01-02 09:50:19,33.31,378,12591
2026-01-02 09:50:20,33.31,373,12425
2026-01-02 09:50:21,33.31,391,13024
2026-01-02 09:50:22,33.31,399,13291
2026-01-02 09:50:23,33.31,404,13457
2026-01-02 09:50:24,33.31,376,12525
2026-01-02 09:50:25,33.31,376,12525
2026-01-02 09:50:26,33.31,387,12891
2026-01-02 09:50:27,33.31,402,13391
2026-01-02 09:50:28,33.31,373,12425
2026-01-02 09:50:29,33.31,381,12691
2026-01-02 09:50:30,33.31,419,13957
2026-01-02 09:50:31,33.31,372,12391
2026-01-02 09:50:32,33.31,404,13457
2026-01-02 09:50:33,33.31,360,11992
2026-01-02 09:50:34,33.31,384,12791
2026-01-02 09:50:35,33.31,367,12225
2026-01-02 09:50:36,33.31,368,12258
2026-01-02 09:50:37,33.31,377,12558
2026-01-02 09:50:38,33.31,411,13690
2026-01-02 09:50:39,33.31,399,13291
2026-01-02 09:50:40,33.31,382,12724
2026-01-02 09:50:41,33.31,373,12425
2026-01-02 09:50:42,33.31,378,12591
2026-01-02 09:50:43,33.31,395,13157
2026-01-02 09:50:44,33.31,383,12758
2026-01-02 09:50:45,33.31,388,12924
2026-01-02 09:50:46,33.31,373,12425
2026-01-02 09:50:47,33.31,377,12558
2026-01-02 09:50:48,33.31,370,12325
2026-01-02 09:50:49,33.31,361,12025
2026-01-02 09:50:50,33.31,403,13424
2026-01-02 09:50:51,33.31,368,12258
2026-01-02 09:50:52,33.31,399,13291
2026-01-02 09:50:53,33.31,398,13257
2026-01-02 09:50:54,33.31,356,11858
2026-01-02 09:50:55,33.31,416,13857
2026-01-02 09:50:56,33.31,377,12558
2026-01-02 09:50:57,33.31,380,12658
2026-01-02 09:50:58,33.31,393,13091
2026-01-02 09:50:59,33.31,361,12025
2026-01-02 09:51:00,33.31,408,13590
2026-01-02 09:51:01,33.31,356,11858
2026-01-02 09:51:02,33.31,376,12525
2026-01-02 09:51:03,33.31,384,12791
2026-01-02 09:51:04,33.31,378,12591
2026-01-02 09:51:05,33.31,363,12092
2026-01-02 09:51:06,33.31,380,12658
2026-01-02 09:51:07,33.31,380,12658
2026-01-02 09:51:08,33.31,344,11459
2026-01-02 09:51:09,33.31,395,13157
2026-01-02 09:51:10,33.31,421,14024
2026-01-02 09:51:11,33.31,333,11092
2026-01-02 09:51:12,33.31,380,12658
2026-01-02 09:51:13,33.31,366,12191
2026-01-02 09:51:14,33.31,378,12591
2026-01-02 09:51:15,33.31,406,13524
2026-01-02 09:51:16,33.31,405,13491
2026-01-02 09:51:17,33.31,396,13191
2026-01-02 09:51:18,33.31,392,13058
2026-01-02 09:51:19,33.31,408,13590
2026-01-02 09:51:20,33.31,395,13157
2026-01-02 09:51:21,33.31,383,12758
2026-01-02 09:51:22,33.31,356,11858
2026-01-02 09:51:23,33.31,376,12525
2026-01-02 09:51:24,33.31,370,12325
2026-01-02 09:51:25,33.31,363,12092
2026-01-02 09:51:26,33.31,391,13024
2026-01-02 09:51:27,33.31,405,13491
2026-01-02 09:51:28,33.31,382,12724
2026-01-02 09:51:29,33.31,386,12858
2026-01-02 09:51:30,33.31,363,12092
2026-01-02 09:51:31,33.31,355,11825
2026-01-02 09:51:32,33.31,384,12791
2026-01-02 09:51:33,33.31,391,13024
2026-01-02 09:51:34,33.31,392,13058
2026-01-02 09:51:35,33.31,352,11725
2026-01-02 09:51:36,33.31,358,11925
2026-01-02 09:51:37,33.31,374,12458
2026-01-02 09:51:38,33.31,374,12458
2026-01-02 09:51:39,33.31,387,12891
2026-01-02 09:51:40,33.31,375,12491
2026-01-02 09:51:41,33.31,360,11992
2026-01-02 09:51:42,33.31,381,12691
2026-01-02 09:51:43,33.31,383,12758
2026-01-02 09:51:44,33.31,371,12358
2026-01-02 09:51:45,33.31,380,12658
2026-01-02 09:51:46,33.31,379,12624
2026-01-02 09:51:47,33.31,349,11625
2026-01-02 09:51:48,33.31,351,11692
2026-01-02 09:51:49,33.31,354,11792
2026-01-02 09:51:50,33.31,376,12525
2026-01-02 09:51:51,33.31,384,12791
2026-01-02 09:51:52,33.31,391,13024
2026-01-02 09:51:53,33.31,378,12591
2026-01-02 09:51:54,33.31,427,14223
2026-01-02 09:51:55,33.31,370,12325
2026-01-02 09:51:56,33.31,346,11525
2026-01-02 09:51:57,33.31,368,12258
2026-01-02 09:51:58,33.31,360,11992
2026-01-02 09:51:59,33.31,388,12924
2026-01-02 09:52:00,33.31,352,11725
2026-01-02 09:52:01,33.31,351,11692
2026-01-02 09:52:02,33.31,388,12924
2026-01-02 09:52:03,33.31,339,11292
2026-01-02 09:52:04,33.31,383,12758
2026-01-02 09:52:05,33.31,411,13690
2026-01-02 09:52:06,33.31,367,12225
2026-01-02 09:52:07,33.31,403,13424
2026-01-02 09:52:08,33.31,354,11792
2026-01-02 09:52:09,33.31,382,12724
2026-01-02 09:52:10,33.31,336,11192
2026-01-02 09:52:11,33.31,376,12525
2026-01-02 09:52:12,33.31,360,11992
2026-01-02 09:52:13,33.31,393,13091
2026-01-02 09:52:14,33.31,376,12525
2026-01-02 09:52:15,33.31,361,12025
2026-01-02 09:52:16,33.31,357,11892
2026-01-02 09:52:17,33.31,317,10559
2026-01-02 09:52:18,33.31,374,12458
2026-01-02 09:52:19,33.31,407,13557
2026-01-02 09:52:20,33.31,387,12891
2026-01-02 09:52:21,33.31,415,13824
2026-01-02 09:52:22,33.31,396,13191
2026-01-02 09:52:23,33.31,390,12991
2026-01-02 09:52:24,33.31,392,13058
2026-01-02 09:52:25,33.31,376,12525
2026-01-02 09:52:26,33.31,370,12325
2026-01-02 09:52:27,33.31,372,12391
2026-01-02 09:52:28,33.31,389,12958
2026-01-02 09:52:29,33.31,375,12491
2026-01-02 09:52:30,33.31,370,12325
2026-01-02 09:52:31,33.31,353,11758
2026-01-02 09:52:32,33.31,334,11126
2026-01-02 09:52:33,33.31,365,12158
2026-01-02 09:52:34,33.31,357,11892
2026-01-02 09:52:35,33.31,367,12225
2026-01-02 09:52:36,33.31,356,11858
2026-01-02 09:52:37,33.31,326,10859
2026-01-02 09:52:38,33.31,372,12391
2026-01-02 09:52:39,33.31,396,13191
2026-01-02 09:52:40,33.31,379,12624
2026-01-02 09:52:41,33.31,371,12358
2026-01-02 09:52:42,33.31,366,12191
2026-01-02 09:52:43,33.31,361,12025
2026-01-02 09:52:44,33.31,382,12724
2026-01-02 09:52:45,33.31,379,12624
2026-01-02 09:52:46,33.31,368,12258
2026-01-02 09:52:47,33.31,383,12758
2026-01-02 09:52:48,33.31,376,12525
2026-01-02 09:52:49,33.31,364,12125
2026-01-02 09:52:50,33.31,362,12058
2026-01-02 09:52:51,33.31,381,12691
2026-01-02 09:52:52,33.31,386,12858
2026-01-02 09:52:53,33.31,388,12924
2026-01-02 09:52:54,33.31,392,13058
2026-01-02 09:52:55,33.31,351,11692
2026-01-02 09:52:56,33.31,397,13224
2026-01-02 09:52:57,33.31,392,13058
2026-01-02 09:52:58,33.31,366,12191
2026-01-02 09:52:59,33.31,349,11625
2026-01-02 09:53:00,33.31,358,11925
2026-01-02 09:53:01,33.31,382,12724
2026-01-02 09:53:02,33.31,349,11625
2026-01-02 09:53:03,33.31,424,14123
2026-01-02 09:53:04,33.31,367,12225
2026-01-02 09:53:05,33.31,373,12425
2026-01-02 09:53:06,33.31,354,11792
2026-01-02 09:53:07,33.31,391,13024
2026-01-02 09:53:08,33.31,389,12958
2026-01-02 09:53:09,33.31,399,13291
2026-01-02 09:53:10,33.31,382,12724
2026-01-02 09:53:11,33.31,366,12191
2026-01-02 09:53:12,33.31,319,10626
2026-01-02 09:53:13,33.31,396,13191
2026-01-02 09:53:14,33.31,403,13424
2026-01-02 09:53:15,33.31,369,12291
2026-01-02 09:53:16,33.31,366,12191
2026-01-02 09:53:17,33.31,409,13624
2026-01-02 09:53:18,33.31,361,12025
2026-01-02 09:53:19,33.31,363,12092
2026-01-02 09:53:20,33.31,360,11992
2026-01-02 09:53:21,33.31,363,12092
2026-01-02 09:53:22,33.31,388,12924
2026-01-02 09:53:23,33.31,355,11825
2026-01-02 09:53:24,33.31,390,12991
2026-01-02 09:53:25,33.31,388,12924
2026-01-02 09:53:26,33.31,386,12858
2026-01-02 09:53:27,33.31,356,11858
2026-01-02 09:53:28,33.31,374,12458
2026-01-02 09:53:29,33.31,355,11825
2026-01-02 09:53:30,33.31,367,12225
2026-01-02 09:53:31,33.31,349,11625
2026-01-02 09:53:32,33.31,382,12724
2026-01-02 09:53:33,33.31,388,12924
2026-01-02 09:53:34,33.31,373,12425
2026-01-02 09:53:35,33.31,358,11925
2026-01-02 09:53:36,33.31,353,11758
2026-01-02 09:53:37,33.31,361,12025
2026-01-02 09:53:38,33.31,355,11825
2026-01-02 09:53:39,33.31,373,12425
2026-01-02 09:53:40,33.31,386,12858
2026-01-02 09:53:41,33.31,338,11259
2026-01-02 09:53:42,33.31,350,11658
2026-01-02 09:53:43,33.31,362,12058
2026-01-02 09:53:44,33.31,354,11792
2026-01-02 09:53:45,33.31,369,12291
2026-01-02 09:53:46,33.31,374,12458
2026-01-02 09:53:47,33.31,380,12658
2026-01-02 09:53:48,33.31,338,11259
2026-01-02 09:53:49,33.31,375,12491
2026-01-02 09:53:50,33.31,359,11958
2026-01-02 09:53:51,33.31,356,11858
2026-01-02 09:53:52,33.31,379,12624
2026-01-02 09:53:53,33.31,362,12058
2026-01-02 09:53:54,33.31,356,11858
2026-01-02 09:53:55,33.31,363,12092
2026-01-02 09:53:56,33.31,403,13424
2026-01-02 09:53:57,33.31,335,11159
2026-01-02 09:53:58,33.31,389,12958
2026-01-02 09:53:59,33.31,338,11259
2026-01-02 09:54:00,33.31,381,12691
2026-01-02 09:54:01,33.31,371,12358
2026-01-02 09:54:02,33.31,337,11225
2026-01-02 09:54:03,33.31,365,12158
2026-01-02 09:54:04,33.31,342,11392
2026-01-02 09:54:05,33.31,377,12558
2026-01-02 09:54:06,33.31,412,13724
2026-01-02 09:54:07,33.31,362,12058
2026-01-02 09:54:08,33.31,404,13457
2026-01-02 09:54:09,33.31,371,12358
2026-01-02 09:54:10,33.31,303,10093
2026-01-02 09:54:11,33.31,378,12591
2026-01-02 09:54:12,33.31,364,12125
2026-01-02 09:54:13,33.31,414,13790
2026-01-02 09:54:14,33.31,384,12791
2026-01-02 09:54:15,33.31,327,10892
2026-01-02 09:54:16,33.31,369,12291
2026-01-02 09:54:17,33.31,349,11625
2026-01-02 09:54:18,33.31,376,12525
2026-01-02 09:54:19,33.31,379,12624
2026-01-02 09:54:20,33.31,372,12391
2026-01-02 09:54:21,33.31,343,11425
2026-01-02 09:54:22,33.31,336,11192
2026-01-02 09:54:23,33.31,369,12291
2026-01-02 09:54:24,33.31,378,12591
2026-01-02 09:54:25,33.31,400,13324
2026-01-02 09:54:26,33.31,345,11492
2026-01-02 09:54:27,33.31,358,11925
2026-01-02 09:54:28,33.31,366,12191
2026-01-02 09:54:29,33.31,373,12425
2026-01-02 09:54:30,33.31,337,11225
2026-01-02 09:54:31,33.31,352,11725
2026-01-02 09:54:32,33.31,356,11858
2026-01-02 09:54:33,33.31,373,12425
2026-01-02 09:54:34,33.31,339,11292
2026-01-02 09:54:35,33.31,349,11625
2026-01-02 09:54:36,33.31,337,11225
2026-01-02 09:54:37,33.31,341,11359
2026-01-02 09:54:38,33.31,349,11625
2026-01-02 09:54:39,33.31,373,12425
2026-01-02 09:54:40,33.31,363,12092
2026-01-02 09:54:41,33.31,380,12658
2026-01-02 09:54:42,33.31,355,11825
2026-01-02 09:54:43,33.31,383,12758
2026-01-02 09:54:44,33.31,375,12491
2026-01-02 09:54:45,33.31,366,12191
2026-01-02 09:54:46,33.31,361,12025
2026-01-02 09:54:47,33.31,358,11925
2026-01-02 09:54:48,33.31,341,11359
2026-01-02 09:54:49,33.31,346,11525
2026-01-02 09:54:50,33.31,353,11758
2026-01-02 09:54:51,33.31,376,12525
2026-01-02 09:54:52,33.31,331,11026
2026-01-02 09:54:53,33.31,360,11992
2026-01-02 09:54:54,33.31,367,12225
2026-01-02 09:54:55,33.31,346,11525
2026-01-02 09:54:56,33.31,330,10992
2026-01-02 09:54:57,33.31,334,11126
2026-01-02 09:54:58,33.31,366,12191
2026-01-02 09:54:59,33.31,356,11858
2026-01-02 09:55:00,33.31,379,12624
2026-01-02 09:55:01,33.31,368,12258
2026-01-02 09:55:02,33.31,373,12425
2026-01-02 09:55:03,33.31,356,11858
2026-01-02 09:55:04,33.31,351,11692
2026-01-02 09:55:05,33.31,374,12458
2026-01-02 09:55:06,33.31,332,11059
2026-01-02 09:55:07,33.31,391,13024
2026-01-02 09:55:08,33.31,353,11758
2026-01-02 09:55:09,33.31,382,12724
2026-01-02 09:55:10,33.31,348,11592
2026-01-02 09:55:11,33.31,406,13524
2026-01-02 09:55:12,33.31,351,11692
2026-01-02 09:55:13,33.31,332,11059
2026-01-02 09:55:14,33.31,326,10859
2026-01-02 09:55:15,33.31,394,13124
2026-01-02 09:55:16,33.31,395,13157
2026-01-02 09:55:17,33.31,377,12558
2026-01-02 09:55:18,33.31,407,13557
2026-01-02 09:55:19,33.31,359,11958
2026-01-02 09:55:20,33.31,368,12258
2026-01-02 09:55:21,33.31,429,14290
2026-01-02 09:55:22,33.31,391,13024
2026-01-02 09:55:23,33.31,350,11658
2026-01-02 09:55:24,33.31,355,11825
2026-01-02 09:55:25,33.31,371,12358
2026-01-02 09:55:26,33.31,337,11225
2026-01-02 09:55:27,33.31,355,11825
2026-01-02 09:55:28,33.31,357,11892
2026-01-02 09:55:29,33.31,361,12025
2026-01-02 09:55:30,33.31,339,11292
2026-01-02 09:55:31,33.31,365,12158
2026-01-02 09:55:32,33.31,343,11425
2026-01-02 09:55:33,33.31,351,11692
2026-01-02 09:55:34,33.31,365,12158
2026-01-02 09:55:35,33.31,355,11825
2026-01-02 09:55:36,33.31,333,11092
2026-01-02 09:55:37,33.31,322,10726
2026-01-02 09:55:38,33.31,384,12791
2026-01-02 09:55:39,33.31,392,13058
2026-01-02 09:55:40,33.31,358,11925
2026-01-02 09:55:41,33.31,377,12558
2026-01-02 09:55:42,33.31,350,11658
2026-01-02 09:55:43,33.31,342,11392
2026-01-02 09:55:44,33.31,382,12724
2026-01-02 09:55:45,33.31,341,11359
2026-01-02 09:55:46,33.31,347,11559
2026-01-02 09:55:47,33.31,359,11958
2026-01-02 09:55:48,33.31,380,12658
2026-01-02 09:55:49,33.31,370,12325
2026-01-02 09:55:50,33.31,330,10992
2026-01-02 09:55:51,33.31,370,12325
2026-01-02 09:55:52,33.31,348,11592
2026-01-02 09:55:53,33.31,367,12225
2026-01-02 09:55:54,33.31,349,11625
2026-01-02 09:55:55,33.31,366,12191
2026-01-02 09:55:56,33.31,349,11625
2026-01-02 09:55:57,33.31,363,12092
2026-01-02 09:55:58,33.31,358,11925
2026-01-02 09:55:59,33.31,316,10526
2026-01-02 09:56:00,33.31,375,12491
2026-01-02 09:56:01,33.31,355,11825
2026-01-02 09:56:02,33.31,333,11092
2026-01-02 09:56:03,33.31,378,12591
2026-01-02 09:56:04,33.31,343,11425
2026-01-02 09:56:05,33.31,366,12191
2026-01-02 09:56:06,33.31,332,11059
2026-01-02 09:56:07,33.31,360,11992
2026-01-02 09:56:08,33.31,326,10859
2026-01-02 09:56:09,33.31,364,12125
2026-01-02 09:56:10,33.31,395,13157
2026-01-02 09:56:11,33.31,333,11092
2026-01-02 09:56:12,33.31,333,11092
2026-01-02 09:56:13,33.31,383,12758
2026-01-02 09:56:14,33.31,333,11092
2026-01-02 09:56:15,33.31,384,12791
2026-01-02 09:56:16,33.31,377,12558
2026-01-02 09:56:17,33.31,385,12824
2026-01-02 09:56:18,33.31,334,11126
2026-01-02 09:56:19,33.31,339,11292
2026-01-02 09:56:20,33.31,324,10792
2026-01-02 09:56:21,33.31,395,13157
2026-01-02 09:56:22,33.31,376,12525
2026-01-02 09:56:23,33.31,417,13890
2026-01-02 09:56:24,33.31,339,11292
2026-01-02 09:56:25,33.31,339,11292
2026-01-02 09:56:26,33.31,346,11525
2026-01-02 09:56:27,33.31,341,11359
2026-01-02 09:56:28,33.31,359,11958
2026-01-02 09:56:29,33.31,390,12991
2026-01-02 09:56:30,33.31,371,12358
2026-01-02 09:56:31,33.31,375,12491
2026-01-02 09:56:32,33.31,328,10926
2026-01-02 09:56:33,33.31,306,10193
2026-01-02 09:56:34,33.31,327,10892
2026-01-02 09:56:35,33.31,331,11026
2026-01-02 09:56:36,33.31,382,12724
2026-01-02 09:56:37,33.31,336,11192
2026-01-02 09:56:38,33.31,344,11459
2026-01-02 09:56:39,33.31,372,12391
2026-01-02 09:56:40,33.31,324,10792
2026-01-02 09:56:41,33.31,379,12624
2026-01-02 09:56:42,33.31,337,11225
2026-01-02 09:56:43,33.31,361,12025
2026-01-02 09:56:44,33.31,348,11592
2026-01-02 09:56:45,33.31,345,11492
2026-01-02 09:56:46,33.31,351,11692
2026-01-02 09:56:47,33.31,354,11792
2026-01-02 09:56:48,33.31,344,11459
2026-01-02 09:56:49,33.31,339,11292
2026-01-02 09:56:50,33.31,368,12258
2026-01-02 09:56:51,33.31,353,11758
2026-01-02 09:56:52,33.31,342,11392
2026-01-02 09:56:53,33.31,364,12125
2026-01-02 09:56:54,33.31,336,11192
2026-01-02 09:56:55,33.31,373,12425
2026-01-02 09:56:56,33.31,364,12125
2026-01-02 09:56:57,33.31,379,12624
2026-01-02 09:56:58,33.31,328,10926
2026-01-02 09:56:59,33.31,335,11159
2026-01-02 09:57:00,33.31,348,11592
2026-01-02 09:57:01,33.31,352,11725
2026-01-02 09:57:02,33.31,339,11292
2026-01-02 09:57:03,33.31,352,11725
2026-01-02 09:57:04,33.31,367,12225
2026-01-02 09:57:05,33.31,355,11825
2026-01-02 09:57:06,33.31,328,10926
2026-01-02 09:57:07,33.31,374,12458
2026-01-02 09:57:08,33.31,353,11758
2026-01-02 09:57:09,33.31,357,11892
2026-01-02 09:57:10,33.31,361,12025
2026-01-02 09:57:11,33.31,348,11592
2026-01-02 09:57:12,33.31,361,12025
2026-01-02 09:57:13,33.31,366,12191
2026-01-02 09:57:14,33.31,336,11192
2026-01-02 09:57:15,33.31,352,11725
2026-01-02 09:57:16,33.31,388,12924
2026-01-02 09:57:17,33.31,344,11459
2026-01-02 09:57:18,33.31,371,12358
2026-01-02 09:57:19,33.31,342,11392
2026-01-02 09:57:20,33.31,337,11225
2026-01-02 09:57:21,33.31,342,11392
2026-01-02 09:57:22,33.31,333,11092
2026-01-02 09:57:23,33.31,364,12125
2026-01-02 09:57:24,33.31,329,10959
2026-01-02 09:57:25,33.31,354,11792
2026-01-02 09:57:26,33.31,351,11692
2026-01-02 09:57:27,33.31,361,12025
2026-01-02 09:57:28,33.31,344,11459
2026-01-02 09:57:29,33.31,365,12158
2026-01-02 09:57:30,33.31,382,12724
2026-01-02 09:57:31,33.31,347,11559
2026-01-02 09:57:32,33.31,351,11692
2026-01-02 09:57:33,33.31,331,11026
2026-01-02 09:57:34,33.31,364,12125
2026-01-02 09:57:35,33.31,347,11559
2026-01-02 09:57:36,33.31,416,13857
2026-01-02 09:57:37,33.31,341,11359
2026-01-02 09:57:38,33.31,333,11092
2026-01-02 09:57:39,33.31,369,12291
2026-01-02 09:57:40,33.31,349,11625
2026-01-02 09:57:41,33.31,335,11159
2026-01-02 09:57:42,33.31,361,12025
2026-01-02 09:57:43,33.31,320,10659
2026-01-02 09:57:44,33.31,353,11758
2026-01-02 09:57:45,33.31,354,11792
2026-01-02 09:57:46,33.31,364,12125
2026-01-02 09:57:47,33.31,342,11392
2026-01-02 09:57:48,33.31,362,12058
2026-01-02 09:57:49,33.31,357,11892
2026-01-02 09:57:50,33.31,371,12358
2026-01-02 09:57:51,33.31,357,11892
2026-01-02 09:57:52,33.31,335,11159
2026-01-02 09:57:53,33.31,348,11592
2026-01-02 09:57:54,33.31,350,11658
2026-01-02 09:57:55,33.31,341,11359
2026-01-02 09:57:56,33.31,365,12158
2026-01-02 09:57:57,33.31,353,11758
2026-01-02 09:57:58,33.31,376,12525
2026-01-02 09:57:59,33.31,339,11292
2026-01-02 09:58:00,33.31,354,11792
2026-01-02 09:58:01,33.31,371,12358
2026-01-02 09:58:02,33.31,369,12291
2026-01-02 09:58:03,33.31,348,11592
2026-01-02 09:58:04,33.31,326,10859
2026-01-02 09:58:05,33.31,358,11925
2026-01-02 09:58:06,33.31,339,11292
2026-01-02 09:58:07,33.31,391,13024
2026-01-02 09:58:08,33.31,347,11559
2026-01-02 09:58:09,33.31,377,12558
2026-01-02 09:58:10,33.31,362,12058
2026-01-02 09:58:11,33.31,312,10393
2026-01-02 09:58:12,33.31,346,11525
2026-01-02 09:58:13,33.31,316,10526
2026-01-02 09:58:14,33.31,326,10859
2026-01-02 09:58:15,33.31,353,11758
2026-01-02 09:58:16,33.31,356,11858
2026-01-02 09:58:17,33.31,331,11026
2026-01-02 09:58:18,33.31,351,11692
2026-01-02 09:58:19,33.31,336,11192
2026-01-02 09:58:20,33.31,359,11958
2026-01-02 09:58:21,33.31,341,11359
2026-01-02 09:58:22,33.31,366,12191
2026-01-02 09:58:23,33.31,369,12291
2026-01-02 09:58:24,33.31,369,12291
2026-01-02 09:58:25,33.31,341,11359
2026-01-02 09:58:26,33.31,330,10992
2026-01-02 09:58:27,33.31,348,11592
2026-01-02 09:58:28,33.31,327,10892
2026-01-02 09:58:29,33.31,369,12291
2026-01-02 09:58:30,33.31,343,11425
2026-01-02 09:58:31,33.31,389,12958
2026-01-02 09:58:32,33.31,367,12225
2026-01-02 09:58:33,33.31,324,10792
2026-01-02 09:58:34,33.31,325,10826
2026-01-02 09:58:35,33.31,357,11892
2026-01-02 09:58:36,33.31,349,11625
2026-01-02 09:58:37,33.31,327,10892
2026-01-02 09:58:38,33.31,350,11658
2026-01-02 09:58:39,33.31,350,11658
2026-01-02 09:58:40,33.31,345,11492
2026-01-02 09:58:41,33.31,331,11026
2026-01-02 09:58:42,33.31,347,11559
2026-01-02 09:58:43,33.31,352,11725
2026-01-02 09:58:44,33.31,348,11592
2026-01-02 09:58:45,33.31,347,11559
2026-01-02 09:58:46,33.31,350,11658
2026-01-02 09:58:47,33.31,357,11892
2026-01-02 09:58:48,33.31,332,11059
2026-01-02 09:58:49,33.31,350,11658
2026-01-02 09:58:50,33.31,355,11825
2026-01-02 09:58:51,33.31,365,12158
2026-01-02 09:58:52,33.31,351,11692
2026-01-02 09:58:53,33.31,376,12525
2026-01-02 09:58:54,33.31,351,11692
2026-01-02 09:58:55,33.31,349,11625
2026-01-02 09:58:56,33.31,339,11292
2026-01-02 09:58:57,33.31,355,11825
2026-01-02 09:58:58,33.31,351,11692
2026-01-02 09:58:59,33.31,357,11892
2026-01-02 09:59:00,33.31,318,10593
2026-01-02 09:59:01,33.31,350,11658
2026-01-02 09:59:02,33.31,325,10826
2026-01-02 09:59:03,33.31,345,11492
2026-01-02 09:59:04,33.31,380,12658
2026-01-02 09:59:05,33.31,381,12691
2026-01-02 09:59:06,33.31,298,9926
2026-01-02 09:59:07,33.31,374,12458
2026-01-02 09:59:08,33.31,328,10926
2026-01-02 09:59:09,33.31,353,11758
2026-01-02 09:59:10,33.31,329,10959
2026-01-02 09:59:11,33.31,343,11425
2026-01-02 09:59:12,33.31,323,10759
2026-01-02 09:59:13,33.31,354,11792
2026-01-02 09:59:14,33.31,348,11592
2026-01-02 09:59:15,33.31,338,11259
2026-01-02 09:59:16,33.31,363,12092
2026-01-02 09:59:17,33.31,349,11625
2026-01-02 09:59:18,33.31,350,11658
2026-01-02 09:59:19,33.31,340,11325
2026-01-02 09:59:20,33.31,362,12058
2026-01-02 09:59:21,33.31,344,11459
2026-01-02 09:59:22,33.31,367,12225
2026-01-02 09:59:23,33.31,333,11092
2026-01-02 09:59:24,33.31,347,11559
2026-01-02 09:59:25,33.31,313,10426
2026-01-02 09:59:26,33.31,347,11559
2026-01-02 09:59:27,33.31,354,11792
2026-01-02 09:59:28,33.31,358,11925
2026-01-02 09:59:29,33.31,332,11059
2026-01-02 09:59:30,33.31,318,10593
2026-01-02 09:59:31,33.31,361,12025
2026-01-02 09:59:32,33.31,380,12658
2026-01-02 09:59:33,33.31,368,12258
2026-01-02 09:59:34,33.31,320,10659
2026-01-02 09:59:35,33.31,360,11992
2026-01-02 09:59:36,33.31,327,10892
2026-01-02 09:59:37,33.31,340,11325
2026-01-02 09:59:38,33.31,351,11692
2026-01-02 09:59:39,33.31,342,11392
2026-01-02 09:59:40,33.31,355,11825
2026-01-02 09:59:41,33.31,356,11858
2026-01-02 09:59:42,33.31,358,11925
2026-01-02 09:59:43,33.31,327,10892
2026-01-02 09:59:44,33.31,370,12325
2026-01-02 09:59:45,33.31,349,11625
2026-01-02 09:59:46,33.31,331,11026
2026-01-02 09:59:47,33.31,332,11059
2026-01-02 09:59:48,33.31,365,12158
2026-01-02 09:59:49,33.31,341,11359
2026-01-02 09:59:50,33.31,336,11192
2026-01-02 09:59:51,33.31,341,11359
2026-01-02 09:59:52,33.31,339,11292
2026-01-02 09:59:53,33.31,347,11559
2026-01-02 09:59:54,33.31,344,11459
2026-01-02 09:59:55,33.31,334,11126
2026-01-02 09:59:56,33.31,361,12025
2026-01-02 09:59:57,33.31,347,11559
2026-01-02 09:59:58,33.31,340,11325
2026-01-02 09:59:59,33.31,349,11625
2026-01-02 10:00:00,33.31,378,12591
2026-01-02 10:00:01,33.31,344,11459
2026-01-02 10:00:02,33.31,346,11525
2026-01-02 10:00:03,33.31,357,11892
2026-01-02 10:00:04,33.31,350,11658
2026-01-02 10:00:05,33.31,354,11792
2026-01-02 10:00:06,33.31,340,11325
2026-01-02 10:00:07,33.31,359,11958
2026-01-02 10:00:08,33.31,347,11559
2026-01-02 10:00:09,33.31,371,12358
2026-01-02 10:00:10,33.31,356,11858
2026-01-02 10:00:11,33.31,342,11392
2026-01-02 10:00:12,33.31,343,11425
2026-01-02 10:00:13,33.31,352,11725
2026-01-02 10:00:14,33.31,348,11592
2026-01-02 10:00:15,33.31,358,11925
2026-01-02 10:00:16,33.31,353,11758
2026-01-02 10:00:17,33.31,365,12158
2026-01-02 10:00:18,33.31,349,11625
2026-01-02 10:00:19,33.31,312,10393
2026-01-02 10:00:20,33.31,352,11725
2026-01-02 10:00:21,33.31,335,11159
2026-01-02 10:00:22,33.31,337,11225
2026-01-02 10:00:23,33.31,369,12291
2026-01-02 10:00:24,33.31,325,10826
2026-01-02 10:00:25,33.31,337,11225
2026-01-02 10:00:26,33.31,336,11192
2026-01-02 10:00:27,33.31,320,10659
2026-01-02 10:00:28,33.31,296,9860
2026-01-02 10:00:29,33.31,356,11858
2026-01-02 10:00:30,33.31,397,13224
2026-01-02 10:00:31,33.31,363,12092
2026-01-02 10:00:32,33.31,322,10726
2026-01-02 10:00:33,33.31,342,11392
2026-01-02 10:00:34,33.31,341,11359
2026-01-02 10:00:35,33.31,375,12491
2026-01-02 10:00:36,33.31,364,12125
2026-01-02 10:00:37,33.31,368,12258
2026-01-02 10:00:38,33.31,325,10826
2026-01-02 10:00:39,33.31,352,11725
2026-01-02 10:00:40,33.31,356,11858
2026-01-02 10:00:41,33.31,353,11758
2026-01-02 10:00:42,33.31,327,10892
2026-01-02 10:00:43,33.31,349,11625
2026-01-02 10:00:44,33.31,349,11625
2026-01-02 10:00:45,33.31,325,10826
2026-01-02 10:00:46,33.31,322,10726
2026-01-02 10:00:47,33.31,332,11059
2026-01-02 10:00:48,33.31,340,11325
2026-01-02 10:00:49,33.31,337,11225
2026-01-02 10:00:50,33.31,338,11259
2026-01-02 10:00:51,33.31,308,10259
2026-01-02 10:00:52,33.31,359,11958
2026-01-02 10:00:53,33.31,352,11725
2026-01-02 10:00:54,33.31,360,11992
2026-01-02 10:00:55,33.31,312,10393
2026-01-02 10:00:56,33.31,365,12158
2026-01-02 10:00:57,33.31,339,11292
2026-01-02 10:00:58,33.31,331,11026
2026-01-02 10:00:59,33.31,320,10659
2026-01-02 10:01:00,33.31,327,10892
2026-01-02 10:01:01,33.31,345,11492
2026-01-02 10:01:02,33.31,347,11559
2026-01-02 10:01:03,33.31,331,11026
2026-01-02 10:01:04,33.31,342,11392
2026-01-02 10:01:05,33.31,349,11625
2026-01-02 10:01:06,33.31,363,12092
2026-01-02 10:01:07,33.31,330,10992
2026-01-02 10:01:08,33.31,300,9993
2026-01-02 10:01:09,33.31,398,13257
2026-01-02 10:01:10,33.31,359,11958
2026-01-02 10:01:11,33.31,301,10026
2026-01-02 10:01:12,33.31,370,12325
2026-01-02 10:01:13,33.31,331,11026
2026-01-02 10:01:14,33.31,316,10526
2026-01-02 10:01:15,33.31,376,12525
2026-01-02 10:01:16,33.31,379,12624
2026-01-02 10:01:17,33.31,331,11026
2026-01-02 10:01:18,33.31,332,11059
2026-01-02 10:01:19,33.31,328,10926
2026-01-02 10:01:20,33.31,353,11758
2026-01-02 10:01:21,33.31,336,11192
2026-01-02 10:01:22,33.31,309,10293
2026-01-02 10:01:23,33.31,357,11892
2026-01-02 10:01:24,33.31,324,10792
2026-01-02 10:01:25,33.31,339,11292
2026-01-02 10:01:26,33.31,340,11325
2026-01-02 10:01:27,33.31,313,10426
2026-01-02 10:01:28,33.31,328,10926
2026-01-02 10:01:29,33.31,324,10792
2026-01-02 10:01:30,33.31,318,10593
2026-01-02 10:01:31,33.31,348,11592
2026-01-02 10:01:32,33.31,376,12525
2026-01-02 10:01:33,33.31,334,11126
2026-01-02 10:01:34,33.31,353,11758
2026-01-02 10:01:35,33.31,368,12258
2026-01-02 10:01:36,33.31,309,10293
2026-01-02 10:01:37,33.31,360,11992
2026-01-02 10:01:38,33.31,345,11492
2026-01-02 10:01:39,33.31,326,10859
2026-01-02 10:01:40,33.31,331,11026
2026-01-02 10:01:41,33.31,348,11592
2026-01-02 10:01:42,33.31,368,12258
2026-01-02 10:01:43,33.31,323,10759
2026-01-02 10:01:44,33.31,331,11026
2026-01-02 10:01:45,33.31,321,10693
2026-01-02 10:01:46,33.31,340,11325
2026-01-02 10:01:47,33.31,360,11992
2026-01-02 10:01:48,33.31,340,11325
2026-01-02 10:01:49,33.31,337,11225
2026-01-02 10:01:50,33.31,359,11958
2026-01-02 10:01:51,33.31,342,11392
2026-01-02 10:01:52,33.31,332,11059
2026-01-02 10:01:53,33.31,348,11592
2026-01-02 10:01:54,33.31,331,11026
2026-01-02 10:01:55,33.31,311,10359
2026-01-02 10:01:56,33.31,339,11292
2026-01-02 10:01:57,33.31,358,11925
2026-01-02 10:01:58,33.31,337,11225
2026-01-02 10:01:59,33.31,304,10126
2026-01-02 10:02:00,33.31,334,11126
2026-01-02 10:02:01,33.31,321,10693
2026-01-02 10:02:02,33.31,315,10493
2026-01-02 10:02:03,33.31,344,11459
2026-01-02 10:02:04,33.31,304,10126
2026-01-02 10:02:05,33.31,326,10859
2026-01-02 10:02:06,33.31,329,10959
2026-01-02 10:02:07,33.31,312,10393
2026-01-02 10:02:08,33.31,336,11192
2026-01-02 10:02:09,33.31,348,11592
2026-01-02 10:02:10,33.31,354,11792
2026-01-02 10:02:11,33.31,336,11192
2026-01-02 10:02:12,33.31,308,10259
2026-01-02 10:02:13,33.31,341,11359
2026-01-02 10:02:14,33.31,374,12458
2026-01-02 10:02:15,33.31,321,10693
2026-01-02 10:02:16,33.31,333,11092
2026-01-02 10:02:17,33.31,325,10826
2026-01-02 10:02:18,33.31,331,11026
2026-01-02 10:02:19,33.31,326,10859
2026-01-02 10:02:20,33.31,323,10759
2026-01-02 10:02:21,33.31,333,11092
2026-01-02 10:02:22,33.31,323,10759
2026-01-02 10:02:23,33.31,359,11958
2026-01-02 10:02:24,33.31,336,11192
2026-01-02 10:02:25,33.31,320,10659
2026-01-02 10:02:26,33.31,320,10659
2026-01-02 10:02:27,33.31,325,10826
2026-01-02 10:02:28,33.31,343,11425
2026-01-02 10:02:29,33.31,315,10493
2026-01-02 10:02:30,33.31,336,11192
2026-01-02 10:02:31,33.31,322,10726
2026-01-02 10:02:32,33.31,338,11259
2026-01-02 10:02:33,33.31,310,10326
2026-01-02 10:02:34,33.31,342,11392
2026-01-02 10:02:35,33.31,336,11192
2026-01-02 10:02:36,33.31,355,11825
2026-01-02 10:02:37,33.31,339,11292
2026-01-02 10:02:38,33.31,364,12125
2026-01-02 10:02:39,33.31,363,12092
2026-01-02 10:02:40,33.31,347,11559
2026-01-02 10:02:41,33.31,332,11059
2026-01-02 10:02:42,33.31,331,11026
2026-01-02 10:02:43,33.31,309,10293
2026-01-02 10:02:44,33.31,346,11525
2026-01-02 10:02:45,33.31,348,11592
2026-01-02 10:02:46,33.31,332,11059
2026-01-02 10:02:47,33.31,335,11159
2026-01-02 10:02:48,33.31,334,11126
2026-01-02 10:02:49,33.31,336,11192
2026-01-02 10:02:50,33.31,343,11425
2026-01-02 10:02:51,33.31,358,11925
2026-01-02 10:02:52,33.31,344,11459
2026-01-02 10:02:53,33.31,327,10892
2026-01-02 10:02:54,33.31,329,10959
2026-01-02 10:02:55,33.31,343,11425
2026-01-02 10:02:56,33.31,330,10992
2026-01-02 10:02:57,33.31,324,10792
2026-01-02 10:02:58,33.31,315,10493
2026-01-02 10:02:59,33.31,347,11559
2026-01-02 10:03:00,33.31,336,11192
2026-01-02 10:03:01,33.31,367,12225
2026-01-02 10:03:02,33.31,341,11359
2026-01-02 10:03:03,33.31,319,10626
2026-01-02 10:03:04,33.31,335,11159
2026-01-02 10:03:05,33.31,334,11126
2026-01-02 10:03:06,33.31,297,9893
2026-01-02 10:03:07,33.31,303,10093
2026-01-02 10:03:08,33.31,324,10792
2026-01-02 10:03:09,33.31,303,10093
2026-01-02 10:03:10,33.31,319,10626
2026-01-02 10:03:11,33.31,318,10593
2026-01-02 10:03:12,33.31,319,10626
2026-01-02 10:03:13,33.31,358,11925
2026-01-02 10:03:14,33.31,355,11825
2026-01-02 10:03:15,33.31,337,11225
2026-01-02 10:03:16,33.31,347,11559
2026-01-02 10:03:17,33.31,318,10593
2026-01-02 10:03:18,33.31,313,10426
2026-01-02 10:03:19,33.31,366,12191
2026-01-02 10:03:20,33.31,321,10693
2026-01-02 10:03:21,33.31,313,10426
2026-01-02 10:03:22,33.31,336,11192
2026-01-02 10:03:23,33.31,348,11592
2026-01-02 10:03:24,33.31,308,10259
2026-01-02 10:03:25,33.31,314,10459
2026-01-02 10:03:26,33.31,300,9993
2026-01-02 10:03:27,33.31,281,9360
2026-01-02 10:03:28,33.31,314,10459
2026-01-02 10:03:29,33.31,327,10892
2026-01-02 10:03:30,33.31,339,11292
2026-01-02 10:03:31,33.31,320,10659
2026-01-02 10:03:32,33.31,316,10526
2026-01-02 10:03:33,33.31,358,11925
2026-01-02 10:03:34,33.31,358,11925
2026-01-02 10:03:35,33.31,345,11492
2026-01-02 10:03:36,33.31,325,10826
2026-01-02 10:03:37,33.31,334,11126
2026-01-02 10:03:38,33.31,357,11892
2026-01-02 10:03:39,33.31,340,11325
2026-01-02 10:03:40,33.31,349,11625
2026-01-02 10:03:41,33.31,325,10826
2026-01-02 10:03:42,33.31,334,11126
2026-01-02 10:03:43,33.31,328,10926
2026-01-02 10:03:44,33.31,338,11259
2026-01-02 10:03:45,33.31,345,11492
2026-01-02 10:03:46,33.31,310,10326
2026-01-02 10:03:47,33.31,322,10726
2026-01-02 10:03:48,33.31,323,10759
2026-01-02 10:03:49,33.31,335,11159
2026-01-02 10:03:50,33.31,339,11292
2026-01-02 10:03:51,33.31,323,10759
2026-01-02 10:03:52,33.31,318,10593
2026-01-02 10:03:53,33.31,347,11559
2026-01-02 10:03:54,33.31,307,10226
2026-01-02 10:03:55,33.31,342,11392
2026-01-02 10:03:56,33.31,341,11359
2026-01-02 10:03:57,33.31,311,10359
2026-01-02 10:03:58,33.31,332,11059
2026-01-02 10:03:59,33.31,380,12658
2026-01-02 10:04:00,33.31,316,10526
2026-01-02 10:04:01,33.31,357,11892
2026-01-02 10:04:02,33.31,342,11392
2026-01-02 10:04:03,33.31,322,10726
2026-01-02 10:04:04,33.31,324,10792
2026-01-02 10:04:05,33.31,345,11492
2026-01-02 10:04:06,33.31,338,11259
2026-01-02 10:04:07,33.31,346,11525
2026-01-02 10:04:08,33.31,324,10792
2026-01-02 10:04:09,33.31,311,10359
2026-01-02 10:04:10,33.31,321,10693
2026-01-02 10:04:11,33.31,341,11359
2026-01-02 10:04:12,33.31,316,10526
2026-01-02 10:04:13,33.31,324,10792
2026-01-02 10:04:14,33.31,329,10959
2026-01-02 10:04:15,33.31,333,11092
2026-01-02 10:04:16,33.31,347,11559
2026-01-02 10:04:17,33.31,341,11359
2026-01-02 10:04:18,33.31,315,10493
2026-01-02 10:04:19,33.31,323,10759
2026-01-02 10:04:20,33.31,298,9926
2026-01-02 10:04:21,33.31,344,11459
2026-01-02 10:04:22,33.31,328,10926
2026-01-02 10:04:23,33.31,331,11026
2026-01-02 10:04:24,33.31,330,10992
2026-01-02 10:04:25,33.31,321,10693
2026-01-02 10:04:26,33.31,312,10393
2026-01-02 10:04:27,33.31,328,10926
2026-01-02 10:04:28,33.31,343,11425
2026-01-02 10:04:29,33.31,329,10959
2026-01-02 10:04:30,33.31,328,10926
2026-01-02 10:04:31,33.31,317,10559
2026-01-02 10:04:32,33.31,363,12092
2026-01-02 10:04:33,33.31,329,10959
2026-01-02 10:04:34,33.31,341,11359
2026-01-02 10:04:35,33.31,324,10792
2026-01-02 10:04:36,33.31,298,9926
2026-01-02 10:04:37,33.31,304,10126
2026-01-02 10:04:38,33.31,350,11658
2026-01-02 10:04:39,33.31,337,11225
2026-01-02 10:04:40,33.31,351,11692
2026-01-02 10:04:41,33.31,356,11858
2026-01-02 10:04:42,33.31,304,10126
2026-01-02 10:04:43,33.31,326,10859
2026-01-02 10:04:44,33.31,327,10892
2026-01-02 10:04:45,33.31,362,12058
2026-01-02 10:04:46,33.31,337,11225
2026-01-02 10:04:47,33.31,316,10526
2026-01-02 10:04:48,33.31,313,10426
2026-01-02 10:04:49,33.31,324,10792
2026-01-02 10:04:50,33.31,329,10959
2026-01-02 10:04:51,33.31,341,11359
2026-01-02 10:04:52,33.31,326,10859
2026-01-02 10:04:53,33.31,332,11059
2026-01-02 10:04:54,33.31,322,10726
2026-01-02 10:04:55,33.31,315,10493
2026-01-02 10:04:56,33.31,358,11925
2026-01-02 10:04:57,33.31,322,10726
2026-01-02 10:04:58,33.31,330,10992
2026-01-02 10:04:59,33.31,329,10959
2026-01-02 10:05:00,33.31,296,9860
2026-01-02 10:05:01,33.31,312,10393
2026-01-02 10:05:02,33.31,330,10992
2026-01-02 10:05:03,33.31,309,10293
2026-01-02 10:05:04,33.31,327,10892
2026-01-02 10:05:05,33.31,363,12092
2026-01-02 10:05:06,33.31,330,10992
2026-01-02 10:05:07,33.31,318,10593
2026-01-02 10:05:08,33.31,357,11892
2026-01-02 10:05:09,33.31,320,10659
2026-01-02 10:05:10,33.31,322,10726
2026-01-02 10:05:11,33.31,321,10693
2026-01-02 10:05:12,33.31,317,10559
2026-01-02 10:05:13,33.31,334,11126
2026-01-02 10:05:14,33.31,306,10193
2026-01-02 10:05:15,33.31,314,10459
2026-01-02 10:05:16,33.31,317,10559
2026-01-02 10:05:17,33.31,334,11126
2026-01-02 10:05:18,33.31,325,10826
2026-01-02 10:05:19,33.31,330,10992
2026-01-02 10:05:20,33.31,318,10593
2026-01-02 10:05:21,33.31,342,11392
2026-01-02 10:05:22,33.31,316,10526
2026-01-02 10:05:23,33.31,352,11725
2026-01-02 10:05:24,33.31,306,10193
2026-01-02 10:05:25,33.31,315,10493
2026-01-02 10:05:26,33.31,311,10359
2026-01-02 10:05:27,33.31,347,11559
2026-01-02 10:05:28,33.31,303,10093
2026-01-02 10:05:29,33.31,304,10126
2026-01-02 10:05:30,33.31,314,10459
2026-01-02 10:05:31,33.31,335,11159
2026-01-02 10:05:32,33.31,330,10992
2026-01-02 10:05:33,33.31,288,9593
2026-01-02 10:05:34,33.31,329,10959
2026-01-02 10:05:35,33.31,308,10259
2026-01-02 10:05:36,33.31,332,11059
2026-01-02 10:05:37,33.31,345,11492
2026-01-02 10:05:38,33.31,333,11092
2026-01-02 10:05:39,33.31,347,11559
2026-01-02 10:05:40,33.31,318,10593
2026-01-02 10:05:41,33.31,351,11692
2026-01-02 10:05:42,33.31,331,11026
2026-01-02 10:05:43,33.31,299,9960
2026-01-02 10:05:44,33.31,326,10859
2026-01-02 10:05:45,33.31,331,11026
2026-01-02 10:05:46,33.31,348,11592
2026-01-02 10:05:47,33.31,345,11492
2026-01-02 10:05:48,33.31,297,9893
2026-01-02 10:05:49,33.31,334,11126
2026-01-02 10:05:50,33.31,330,10992
2026-01-02 10:05:51,33.31,332,11059
2026-01-02 10:05:52,33.31,337,11225
2026-01-02 10:05:53,33.31,344,11459
2026-01-02 10:05:54,33.31,336,11192
2026-01-02 10:05:55,33.31,334,11126
2026-01-02 10:05:56,33.31,333,11092
2026-01-02 10:05:57,33.31,316,10526
2026-01-02 10:05:58,33.31,347,11559
2026-01-02 10:05:59,33.31,307,10226
2026-01-02 10:06:00,33.31,301,10026
2026-01-02 10:06:01,33.31,325,10826
2026-01-02 10:06:02,33.31,308,10259
2026-01-02 10:06:03,33.31,336,11192
2026-01-02 10:06:04,33.31,364,12125
2026-01-02 10:06:05,33.31,328,10926
2026-01-02 10:06:06,33.31,332,11059
2026-01-02 10:06:07,33.31,349,11625
2026-01-02 10:06:08,33.31,313,10426
2026-01-02 10:06:09,33.31,334,11126
2026-01-02 10:06:10,33.31,341,11359
2026-01-02 10:06:11,33.31,303,10093
2026-01-02 10:06:12,33.31,310,10326
2026-01-02 10:06:13,33.31,319,10626
2026-01-02 10:06:14,33.31,319,10626
2026-01-02 10:06:15,33.31,334,11126
2026-01-02 10:06:16,33.31,319,10626
2026-01-02 10:06:17,33.31,319,10626
2026-01-02 10:06:18,33.31,309,10293
2026-01-02 10:06:19,33.31,302,10060
2026-01-02 10:06:20,33.31,303,10093
2026-01-02 10:06:21,33.31,321,10693
2026-01-02 10:06:22,33.31,337,11225
2026-01-02 10:06:23,33.31,315,10493
2026-01-02 10:06:24,33.31,322,10726
2026-01-02 10:06:25,33.31,336,11192
2026-01-02 10:06:26,33.31,311,10359
2026-01-02 10:06:27,33.31,325,10826
2026-01-02 10:06:28,33.31,366,12191
2026-01-02 10:06:29,33.31,311,10359
2026-01-02 10:06:30,33.31,361,12025
2026-01-02 10:06:31,33.31,361,12025
2026-01-02 10:06:32,33.31,310,10326
2026-01-02 10:06:33,33.31,323,10759
2026-01-02 10:06:34,33.31,321,10693
2026-01-02 10:06:35,33.31,321,10693
2026-01-02 10:06:36,33.31,299,9960
2026-01-02 10:06:37,33.31,296,9860
2026-01-02 10:06:38,33.31,315,10493
2026-01-02 10:06:39,33.31,300,9993
2026-01-02 10:06:40,33.31,317,10559
2026-01-02 10:06:41,33.31,320,10659
2026-01-02 10:06:42,33.31,315,10493
2026-01-02 10:06:43,33.31,315,10493
2026-01-02 10:06:44,33.31,326,10859
2026-01-02 10:06:45,33.31,320,10659
2026-01-02 10:06:46,33.31,291,9693
2026-01-02 10:06:47,33.31,306,10193
2026-01-02 10:06:48,33.31,283,9427
2026-01-02 10:06:49,33.31,356,11858
2026-01-02 10:06:50,33.31,321,10693
2026-01-02 10:06:51,33.31,309,10293
2026-01-02 10:06:52,33.31,322,10726
2026-01-02 10:06:53,33.31,336,11192
2026-01-02 10:06:54,33.31,285,9493
2026-01-02 10:06:55,33.31,314,10459
2026-01-02 10:06:56,33.31,294,9793
2026-01-02 10:06:57,33.31,347,11559
2026-01-02 10:06:58,33.31,350,11658
2026-01-02 10:06:59,33.31,298,9926
2026-01-02 10:07:00,33.31,347,11559
2026-01-02 10:07:01,33.31,305,10160
2026-01-02 10:07:02,33.31,311,10359
2026-01-02 10:07:03,33.31,279,9293
2026-01-02 10:07:04,33.31,321,10693
2026-01-02 10:07:05,33.31,311,10359
2026-01-02 10:07:06,33.31,347,11559
2026-01-02 10:07:07,33.31,323,10759
2026-01-02 10:07:08,33.31,292,9727
2026-01-02 10:07:09,33.31,341,11359
2026-01-02 10:07:10,33.31,330,10992
2026-01-02 10:07:11,33.31,304,10126
2026-01-02 10:07:12,33.31,316,10526
2026-01-02 10:07:13,33.31,307,10226
2026-01-02 10:07:14,33.31,334,11126
2026-01-02 10:07:15,33.31,328,10926
2026-01-02 10:07:16,33.31,335,11159
2026-01-02 10:07:17,33.31,331,11026
2026-01-02 10:07:18,33.31,344,11459
2026-01-02 10:07:19,33.31,302,10060
2026-01-02 10:07:20,33.31,316,10526
2026-01-02 10:07:21,33.31,351,11692
2026-01-02 10:07:22,33.31,312,10393
2026-01-02 10:07:23,33.31,324,10792
2026-01-02 10:07:24,33.31,323,10759
2026-01-02 10:07:25,33.31,322,10726
2026-01-02 10:07:26,33.31,317,10559
2026-01-02 10:07:27,33.31,307,10226
2026-01-02 10:07:28,33.31,286,9527
2026-01-02 10:07:29,33.31,310,10326
2026-01-02 10:07:30,33.31,341,11359
2026-01-02 10:07:31,33.31,327,10892
2026-01-02 10:07:32,33.31,307,10226
2026-01-02 10:07:33,33.31,312,10393
2026-01-02 10:07:34,33.31,314,10459
2026-01-02 10:07:35,33.31,342,11392
2026-01-02 10:07:36,33.31,314,10459
2026-01-02 10:07:37,33.31,331,11026
2026-01-02 10:07:38,33.31,287,9560
2026-01-02 10:07:39,33.31,337,11225
2026-01-02 10:07:40,33.31,318,10593
2026-01-02 10:07:41,33.31,287,9560
2026-01-02 10:07:42,33.31,290,9660
2026-01-02 10:07:43,33.31,342,11392
2026-01-02 10:07:44,33.31,352,11725
2026-01-02 10:07:45,33.31,314,10459
2026-01-02 10:07:46,33.31,325,10826
2026-01-02 10:07:47,33.31,334,11126
2026-01-02 10:07:48,33.31,313,10426
2026-01-02 10:07:49,33.31,319,10626
2026-01-02 10:07:50,33.31,317,10559
2026-01-02 10:07:51,33.31,335,11159
2026-01-02 10:07:52,33.31,344,11459
2026-01-02 10:07:53,33.31,301,10026
2026-01-02 10:07:54,33.31,312,10393
2026-01-02 10:07:55,33.31,297,9893
2026-01-02 10:07:56,33.31,281,9360
2026-01-02 10:07:57,33.31,319,10626
2026-01-02 10:07:58,33.31,317,10559
2026-01-02 10:07:59,33.31,332,11059
2026-01-02 10:08:00,33.31,333,11092
2026-01-02 10:08:01,33.31,330,10992
2026-01-02 10:08:02,33.31,308,10259
2026-01-02 10:08:03,33.31,293,9760
2026-01-02 10:08:04,33.31,348,11592
2026-01-02 10:08:05,33.31,329,10959
2026-01-02 10:08:06,33.31,311,10359
2026-01-02 10:08:07,33.31,316,10526
2026-01-02 10:08:08,33.31,321,10693
2026-01-02 10:08:09,33.31,297,9893
2026-01-02 10:08:10,33.31,362,12058
2026-01-02 10:08:11,33.31,309,10293
2026-01-02 10:08:12,33.31,334,11126
2026-01-02 10:08:13,33.31,312,10393
2026-01-02 10:08:14,33.31,308,10259
2026-01-02 10:08:15,33.31,314,10459
2026-01-02 10:08:16,33.31,328,10926
2026-01-02 10:08:17,33.31,307,10226
2026-01-02 10:08:18,33.31,328,10926
2026-01-02 10:08:19,33.31,348,11592
2026-01-02 10:08:20,33.31,321,10693
2026-01-02 10:08:21,33.31,328,10926
2026-01-02 10:08:22,33.31,340,11325
2026-01-02 10:08:23,33.31,319,10626
2026-01-02 10:08:24,33.31,330,10992
2026-01-02 10:08:25,33.31,326,10859
2026-01-02 10:08:26,33.31,280,9327
2026-01-02 10:08:27,33.31,315,10493
2026-01-02 10:08:28,33.31,332,11059
2026-01-02 10:08:29,33.31,318,10593
2026-01-02 10:08:30,33.31,325,10826
2026-01-02 10:08:31,33.31,280,9327
2026-01-02 10:08:32,33.31,326,10859
2026-01-02 10:08:33,33.31,308,10259
2026-01-02 10:08:34,33.31,325,10826
2026-01-02 10:08:35,33.31,300,9993
2026-01-02 10:08:36,33.31,312,10393
2026-01-02 10:08:37,33.31,318,10593
2026-01-02 10:08:38,33.31,353,11758
2026-01-02 10:08:39,33.31,329,10959
2026-01-02 10:08:40,33.31,322,10726
2026-01-02 10:08:41,33.31,308,10259
2026-01-02 10:08:42,33.31,327,10892
2026-01-02 10:08:43,33.31,326,10859
2026-01-02 10:08:44,33.31,321,10693
2026-01-02 10:08:45,33.31,321,10693
2026-01-02 10:08:46,33.31,288,9593
2026-01-02 10:08:47,33.31,279,9293
2026-01-02 10:08:48,33.31,318,10593
2026-01-02 10:08:49,33.31,327,10892
2026-01-02 10:08:50,33.31,315,10493
2026-01-02 10:08:51,33.31,338,11259
2026-01-02 10:08:52,33.31,334,11126
2026-01-02 10:08:53,33.31,318,10593
2026-01-02 10:08:54,33.31,311,10359
2026-01-02 10:08:55,33.31,332,11059
2026-01-02 10:08:56,33.31,302,10060
2026-01-02 10:08:57,33.31,313,10426
2026-01-02 10:08:58,33.31,314,10459
2026-01-02 10:08:59,33.31,268,8927
2026-01-02 10:09:00,33.31,353,11758
2026-01-02 10:09:01,33.31,306,10193
2026-01-02 10:09:02,33.31,338,11259
2026-01-02 10:09:03,33.31,324,10792
2026-01-02 10:09:04,33.31,312,10393
2026-01-02 10:09:05,33.31,348,11592
2026-01-02 10:09:06,33.31,319,10626
2026-01-02 10:09:07,33.31,320,10659
2026-01-02 10:09:08,33.31,317,10559
2026-01-02 10:09:09,33.31,315,10493
2026-01-02 10:09:10,33.31,279,9293
2026-01-02 10:09:11,33.31,311,10359
2026-01-02 10:09:12,33.31,316,10526
2026-01-02 10:09:13,33.31,321,10693
2026-01-02 10:09:14,33.31,294,9793
2026-01-02 10:09:15,33.31,311,10359
2026-01-02 10:09:16,33.31,291,9693
2026-01-02 10:09:17,33.31,341,11359
2026-01-02 10:09:18,33.31,335,11159
2026-01-02 10:09:19,33.31,311,10359
2026-01-02 10:09:20,33.31,314,10459
2026-01-02 10:09:21,33.31,340,11325
2026-01-02 10:09:22,33.31,307,10226
2026-01-02 10:09:23,33.31,298,9926
2026-01-02 10:09:24,33.31,281,9360
2026-01-02 10:09:25,33.31,333,11092
2026-01-02 10:09:26,33.31,308,10259
2026-01-02 10:09:27,33.31,292,9727
2026-01-02 10:09:28,33.31,304,10126
2026-01-02 10:09:29,33.31,292,9727
2026-01-02 10:09:30,33.31,313,10426
2026-01-02 10:09:31,33.31,316,10526
2026-01-02 10:09:32,33.31,345,11492
2026-01-02 10:09:33,33.31,311,10359
2026-01-02 10:09:34,33.31,315,10493
2026-01-02 10:09:35,33.31,338,11259
2026-01-02 10:09:36,33.31,320,10659
2026-01-02 10:09:37,33.31,314,10459
2026-01-02 10:09:38,33.31,312,10393
2026-01-02 10:09:39,33.31,325,10826
2026-01-02 10:09:40,33.31,298,9926
2026-01-02 10:09:41,33.31,325,10826
2026-01-02 10:09:42,33.31,315,10493
2026-01-02 10:09:43,33.31,297,9893
2026-01-02 10:09:44,33.31,298,9926
2026-01-02 10:09:45,33.31,298,9926
2026-01-02 10:09:46,33.31,332,11059
2026-01-02 10:09:47,33.31,314,10459
2026-01-02 10:09:48,33.31,263,8761
2026-01-02 10:09:49,33.31,297,9893
2026-01-02 10:09:50,33.31,327,10892
2026-01-02 10:09:51,33.31,341,11359
2026-01-02 10:09:52,33.31,303,10093
2026-01-02 10:09:53,33.31,302,10060
2026-01-02 10:09:54,33.31,319,10626
2026-01-02 10:09:55,33.31,343,11425
2026-01-02 10:09:56,33.31,315,10493
2026-01-02 10:09:57,33.31,286,9527
2026-01-02 10:09:58,33.31,306,10193
2026-01-02 10:09:59,33.31,289,9627
2026-01-02 10:10:00,33.31,317,10559
2026-01-02 10:10:01,33.31,309,10293
2026-01-02 10:10:02,33.31,297,9893
2026-01-02 10:10:03,33.31,305,10160
2026-01-02 10:10:04,33.31,314,10459
2026-01-02 10:10:05,33.31,297,9893
2026-01-02 10:10:06,33.31,309,10293
2026-01-02 10:10:07,33.31,300,9993
2026-01-02 10:10:08,33.31,342,11392
2026-01-02 10:10:09,33.31,312,10393
2026-01-02 10:10:10,33.31,315,10493
2026-01-02 10:10:11,33.31,320,10659
2026-01-02 10:10:12,33.31,301,10026
2026-01-02 10:10:13,33.31,348,11592
2026-01-02 10:10:14,33.31,289,9627
2026-01-02 10:10:15,33.31,338,11259
2026-01-02 10:10:16,33.31,319,10626
2026-01-02 10:10:17,33.31,267,8894
2026-01-02 10:10:18,33.31,294,9793
2026-01-02 10:10:19,33.31,322,10726
2026-01-02 10:10:20,33.31,336,11192
2026-01-02 10:10:21,33.31,316,10526
2026-01-02 10:10:22,33.31,328,10926
2026-01-02 10:10:23,33.31,329,10959
2026-01-02 10:10:24,33.31,284,9460
2026-01-02 10:10:25,33.31,315,10493
2026-01-02 10:10:26,33.31,343,11425
2026-01-02 10:10:27,33.31,295,9826
2026-01-02 10:10:28,33.31,332,11059
2026-01-02 10:10:29,33.31,329,10959
2026-01-02 10:10:30,33.31,296,9860
2026-01-02 10:10:31,33.31,281,9360
2026-01-02 10:10:32,33.31,309,10293
2026-01-02 10:10:33,33.31,310,10326
2026-01-02 10:10:34,33.31,300,9993
2026-01-02 10:10:35,33.31,327,10892
2026-01-02 10:10:36,33.31,309,10293
2026-01-02 10:10:37,33.31,312,10393
2026-01-02 10:10:38,33.31,299,9960
2026-01-02 10:10:39,33.31,308,10259
2026-01-02 10:10:40,33.31,289,9627
2026-01-02 10:10:41,33.31,300,9993
2026-01-02 10:10:42,33.31,317,10559
2026-01-02 10:10:43,33.31,283,9427
2026-01-02 10:10:44,33.31,322,10726
2026-01-02 10:10:45,33.31,294,9793
2026-01-02 10:10:46,33.31,303,10093
2026-01-02 10:10:47,33.31,325,10826
2026-01-02 10:10:48,33.31,328,10926
2026-01-02 10:10:49,33.31,323,10759
2026-01-02 10:10:50,33.31,277,9227
2026-01-02 10:10:51,33.31,301,10026
2026-01-02 10:10:52,33.31,331,11026
2026-01-02 10:10:53,33.31,312,10393
2026-01-02 10:10:54,33.31,317,10559
2026-01-02 10:10:55,33.31,289,9627
2026-01-02 10:10:56,33.31,328,10926
2026-01-02 10:10:57,33.31,307,10226
2026-01-02 10:10:58,33.31,321,10693
2026-01-02 10:10:59,33.31,305,10160
2026-01-02 10:11:00,33.31,311,10359
2026-01-02 10:11:01,33.31,299,9960
2026-01-02 10:11:02,33.31,288,9593
2026-01-02 10:11:03,33.31,299,9960
2026-01-02 10:11:04,33.31,304,10126
2026-01-02 10:11:05,33.31,310,10326
2026-01-02 10:11:06,33.31,292,9727
2026-01-02 10:11:07,33.31,314,10459
2026-01-02 10:11:08,33.31,316,10526
2026-01-02 10:11:09,33.31,285,9493
2026-01-02 10:11:10,33.31,280,9327
2026-01-02 10:11:11,33.31,316,10526
2026-01-02 10:11:12,33.31,304,10126
2026-01-02 10:11:13,33.31,332,11059
2026-01-02 10:11:14,33.31,327,10892
2026-01-02 10:11:15,33.31,330,10992
2026-01-02 10:11:16,33.31,281,9360
2026-01-02 10:11:17,33.31,305,10160
2026-01-02 10:11:18,33.31,328,10926
2026-01-02 10:11:19,33.31,297,9893
2026-01-02 10:11:20,33.31,299,9960
2026-01-02 10:11:21,33.31,301,10026
2026-01-02 10:11:22,33.31,335,11159
2026-01-02 10:11:23,33.23,295,9803
2026-01-02 10:11:24,33.31,280,9327
2026-01-02 10:11:25,33.31,296,9860
2026-01-02 10:11:26,33.31,308,10259
2026-01-02 10:11:27,33.31,304,10126
2026-01-02 10:11:28,33.31,310,10326
2026-01-02 10:11:29,33.31,304,10126
2026-01-02 10:11:30,33.31,306,10193
2026-01-02 10:11:31,33.31,330,10992
2026-01-02 10:11:32,33.31,334,11126
2026-01-02 10:11:33,33.17,316,10482
2026-01-02 10:11:34,33.09,303,10026
2026-01-02 10:11:35,32.89,291,9571
2026-01-02 10:11:36,32.78,330,10817
2026-01-02 10:11:37,32.86,303,9957
2026-01-02 10:11:38,32.95,307,10116
2026-01-02 10:11:39,33.19,297,9857
2026-01-02 10:11:40,33.26,319,10610
2026-01-02 10:11:41,33.19,324,10754
2026-01-02 10:11:42,33.31,295,9826
2026-01-02 10:11:43,33.29,317,10553
2026-01-02 10:11:44,33.31,310,10326
2026-01-02 10:11:45,33.31,294,9793
2026-01-02 10:11:46,33.19,315,10455
2026-01-02 10:11:47,33.05,318,10510
2026-01-02 10:11:48,33.07,311,10285
2026-01-02 10:11:49,33.16,327,10843
2026-01-02 10:11:50,33.12,287,9505
2026-01-02 10:11:51,33.00,282,9306
2026-01-02 10:11:52,33.01,314,10365
2026-01-02 10:11:53,33.13,316,10469
2026-01-02 10:11:54,33.24,314,10437
2026-01-02 10:11:55,33.19,303,10057
2026-01-02 10:11:56,33.09,305,10092
2026-01-02 10:11:57,33.28,323,10749
2026-01-02 10:11:58,33.31,318,10593
2026-01-02 10:11:59,33.31,292,9727
2026-01-02 10:12:00,33.31,295,9826
2026-01-02 10:12:01,33.31,296,9860
2026-01-02 10:12:02,33.31,304,10126
2026-01-02 10:12:03,33.31,289,9627
2026-01-02 10:12:04,33.31,322,10726
2026-01-02 10:12:05,33.31,310,10326
2026-01-02 10:12:06,33.31,264,8794
2026-01-02 10:12:07,33.31,320,10659
2026-01-02 10:12:08,33.31,332,11059
2026-01-02 10:12:09,33.31,309,10293
2026-01-02 10:12:10,33.31,297,9893
2026-01-02 10:12:11,33.31,290,9660
2026-01-02 10:12:12,33.31,290,9660
2026-01-02 10:12:13,33.31,327,10892
2026-01-02 10:12:14,33.31,293,9760
2026-01-02 10:12:15,33.31,291,9693
2026-01-02 10:12:16,33.31,274,9127
2026-01-02 10:12:17,33.31,295,9826
2026-01-02 10:12:18,33.31,338,11259
2026-01-02 10:12:19,33.31,279,9293
2026-01-02 10:12:20,33.31,302,10060
2026-01-02 10:12:21,33.31,302,10060
2026-01-02 10:12:22,33.31,260,8661
2026-01-02 10:12:23,33.31,339,11292
2026-01-02 10:12:24,33.31,306,10193
2026-01-02 10:12:25,33.31,313,10426
2026-01-02 10:12:26,33.31,301,10026
2026-01-02 10:12:27,33.31,312,10393
2026-01-02 10:12:28,33.31,293,9760
2026-01-02 10:12:29,33.31,313,10426
2026-01-02 10:12:30,33.31,274,9127
2026-01-02 10:12:31,33.31,287,9560
2026-01-02 10:12:32,33.31,270,8994
2026-01-02 10:12:33,33.31,293,9760
2026-01-02 10:12:34,33.31,306,10193
2026-01-02 10:12:35,33.31,309,10293
2026-01-02 10:12:36,33.30,317,10556
2026-01-02 10:12:37,33.26,318,10577
2026-01-02 10:12:38,33.25,303,10075
2026-01-02 10:12:39,33.31,303,10093
2026-01-02 10:12:40,33.31,298,9926
2026-01-02 10:12:41,33.31,267,8894
2026-01-02 10:12:42,33.31,302,10060
2026-01-02 10:12:43,33.31,315,10493
2026-01-02 10:12:44,33.31,312,10393
2026-01-02 10:12:45,33.28,285,9485
2026-01-02 10:12:46,33.31,303,10093
2026-01-02 10:12:47,33.26,306,10178
2026-01-02 10:12:48,33.29,309,10287
2026-01-02 10:12:49,32.99,284,9369
2026-01-02 10:12:50,32.80,286,9381
2026-01-02 10:12:51,32.86,314,10318
2026-01-02 10:12:52,32.72,319,10438
2026-01-02 10:12:53,32.64,322,10510
2026-01-02 10:12:54,32.54,280,9111
2026-01-02 10:12:55,32.54,314,10218
2026-01-02 10:12:56,32.54,318,10348
2026-01-02 10:12:57,32.54,275,8948
2026-01-02 10:12:58,32.54,316,10283
2026-01-02 10:12:59,32.54,291,9469
2026-01-02 10:13:00,32.54,326,10608
2026-01-02 10:13:01,32.54,321,10445
2026-01-02 10:13:02,32.54,267,8688
2026-01-02 10:13:03,32.54,315,10250
2026-01-02 10:13:04,32.54,271,8818
2026-01-02 10:13:05,32.54,293,9534
2026-01-02 10:13:06,32.54,288,9372
2026-01-02 10:13:07,32.54,278,9046
2026-01-02 10:13:08,32.54,287,9339
2026-01-02 10:13:09,32.54,284,9241
2026-01-02 10:13:10,32.54,266,8656
2026-01-02 10:13:11,32.54,295,9599
2026-01-02 10:13:12,32.54,292,9502
2026-01-02 10:13:13,32.54,286,9306
2026-01-02 10:13:14,32.54,297,9664
2026-01-02 10:13:15,32.54,298,9697
2026-01-02 10:13:16,32.54,343,11161
2026-01-02 10:13:17,32.54,306,9957
2026-01-02 10:13:18,32.54,301,9795
2026-01-02 10:13:19,32.54,306,9957
2026-01-02 10:13:20,32.54,285,9274
2026-01-02 10:13:21,32.54,289,9404
2026-01-02 10:13:22,32.54,303,9860
2026-01-02 10:13:23,32.54,317,10315
2026-01-02 10:13:24,32.54,311,10120
2026-01-02 10:13:25,32.54,318,10348
2026-01-02 10:13:26,32.54,258,8395
2026-01-02 10:13:27,32.54,320,10413
2026-01-02 10:13:28,32.54,289,9404
2026-01-02 10:13:29,32.54,312,10152
2026-01-02 10:13:30,32.54,314,10218
2026-01-02 10:13:31,32.54,348,11324
2026-01-02 10:13:32,32.54,284,9241
2026-01-02 10:13:33,32.54,284,9241
2026-01-02 10:13:34,32.54,303,9860
2026-01-02 10:13:35,32.54,288,9372
2026-01-02 10:13:36,32.54,294,9567
2026-01-02 10:13:37,32.54,308,10022
2026-01-02 10:13:38,32.54,319,10380
2026-01-02 10:13:39,32.54,318,10348
2026-01-02 10:13:40,32.54,311,10120
2026-01-02 10:13:41,32.54,275,8948
2026-01-02 10:13:42,32.54,311,10120
2026-01-02 10:13:43,32.54,328,10673
2026-01-02 10:13:44,32.54,308,10022
2026-01-02 10:13:45,32.54,293,9534
2026-01-02 10:13:46,32.54,295,9599
2026-01-02 10:13:47,32.54,322,10478
2026-01-02 10:13:48,32.54,316,10283
2026-01-02 10:13:49,32.54,276,8981
2026-01-02 10:13:50,32.54,285,9274
2026-01-02 10:13:51,32.54,283,9209
2026-01-02 10:13:52,32.54,262,8525
2026-01-02 10:13:53,32.54,303,9860
2026-01-02 10:13:54,32.54,317,10315
2026-01-02 10:13:55,32.54,276,8981
2026-01-02 10:13:56,32.54,285,9274
2026-01-02 10:13:57,32.54,291,9469
2026-01-02 10:13:58,32.54,268,8721
2026-01-02 10:13:59,32.54,284,9241
2026-01-02 10:14:00,32.54,299,9729
2026-01-02 10:14:01,32.54,285,9274
2026-01-02 10:14:02,32.54,292,9502
2026-01-02 10:14:03,32.54,285,9274
2026-01-02 10:14:04,32.54,301,9795
2026-01-02 10:14:05,32.54,326,10608
2026-01-02 10:14:06,32.54,307,9990
2026-01-02 10:14:07,32.54,310,10087
2026-01-02 10:14:08,32.54,315,10250
2026-01-02 10:14:09,32.54,273,8883
2026-01-02 10:14:10,32.54,312,10152
2026-01-02 10:14:11,32.54,347,11291
2026-01-02 10:14:12,32.54,319,10380
2026-01-02 10:14:13,32.54,282,9176
2026-01-02 10:14:14,32.54,272,8851
2026-01-02 10:14:15,32.54,292,9502
2026-01-02 10:14:16,32.54,298,9697
2026-01-02 10:14:17,32.54,327,10641
2026-01-02 10:14:18,32.54,327,10641
2026-01-02 10:14:19,32.54,280,9111
2026-01-02 10:14:20,32.54,299,9729
2026-01-02 10:14:21,32.54,282,9176
2026-01-02 10:14:22,32.54,274,8916
2026-01-02 10:14:23,32.54,283,9209
2026-01-02 10:14:24,32.54,290,9437
2026-01-02 10:14:25,32.54,306,9957
2026-01-02 10:14:26,32.54,313,10185
2026-01-02 10:14:27,32.54,301,9795
2026-01-02 10:14:28,32.54,306,9957
2026-01-02 10:14:29,32.54,268,8721
2026-01-02 10:14:30,32.54,303,9860
2026-01-02 10:14:31,32.54,290,9437
2026-01-02 10:14:32,32.54,287,9339
2026-01-02 10:14:33,32.54,292,9502
2026-01-02 10:14:34,32.54,309,10055
2026-01-02 10:14:35,32.54,263,8558
2026-01-02 10:14:36,32.54,290,9437
2026-01-02 10:14:37,32.54,341,11096
2026-01-02 10:14:38,32.54,284,9241
2026-01-02 10:14:39,32.54,316,10283
2026-01-02 10:14:40,32.54,304,9892
2026-01-02 10:14:41,32.54,298,9697
2026-01-02 10:14:42,32.54,309,10055
2026-01-02 10:14:43,32.54,295,9599
2026-01-02 10:14:44,32.54,274,8916
2026-01-02 10:14:45,32.54,314,10218
2026-01-02 10:14:46,32.54,309,10055
2026-01-02 10:14:47,32.54,321,10445
2026-01-02 10:14:48,32.54,287,9339
2026-01-02 10:14:49,32.54,305,9925
2026-01-02 10:14:50,32.54,320,10413
2026-01-02 10:14:51,32.54,294,9567
2026-01-02 10:14:52,32.54,286,9306
2026-01-02 10:14:53,32.54,311,10120
2026-01-02 10:14:54,32.54,300,9762
2026-01-02 10:14:55,32.54,307,9990
2026-01-02 10:14:56,32.54,289,9404
2026-01-02 10:14:57,32.54,301,9795
2026-01-02 10:14:58,32.54,286,9306
2026-01-02 10:14:59,32.54,287,9339
2026-01-02 10:15:00,32.54,294,9567
2026-01-02 10:15:01,32.54,296,9632
2026-01-02 10:15:02,32.54,277,9014
2026-01-02 10:15:03,32.54,324,10543
2026-01-02 10:15:04,32.54,307,9990
2026-01-02 10:15:05,32.54,309,10055
2026-01-02 10:15:06,32.54,304,9892
2026-01-02 10:15:07,32.54,298,9697
2026-01-02 10:15:08,32.54,288,9372
2026-01-02 10:15:09,32.54,276,8981
2026-01-02 10:15:10,32.54,294,9567
2026-01-02 10:15:11,32.54,287,9339
2026-01-02 10:15:12,32.54,301,9795
2026-01-02 10:15:13,32.54,276,8981
2026-01-02 10:15:14,32.54,285,9274
2026-01-02 10:15:15,32.54,296,9632
2026-01-02 10:15:16,32.54,315,10250
2026-01-02 10:15:17,32.54,285,9274
2026-01-02 10:15:18,32.54,290,9437
2026-01-02 10:15:19,32.54,291,9469
2026-01-02 10:15:20,32.54,303,9860
2026-01-02 10:15:21,32.54,318,10348
2026-01-02 10:15:22,32.54,266,8656
2026-01-02 10:15:23,32.54,306,9957
2026-01-02 10:15:24,32.54,280,9111
2026-01-02 10:15:25,32.54,268,8721
2026-01-02 10:15:26,32.54,311,10120
2026-01-02 10:15:27,32.54,302,9827
2026-01-02 10:15:28,32.54,302,9827
2026-01-02 10:15:29,32.54,272,8851
2026-01-02 10:15:30,32.54,275,8948
2026-01-02 10:15:31,32.54,296,9632
2026-01-02 10:15:32,32.54,319,10380
2026-01-02 10:15:33,32.54,302,9827
2026-01-02 10:15:34,32.54,301,9795
2026-01-02 10:15:35,32.54,270,8786
2026-01-02 10:15:36,32.54,319,10380
2026-01-02 10:15:37,32.54,294,9567
2026-01-02 10:15:38,32.54,314,10218
2026-01-02 10:15:39,32.54,321,10445
2026-01-02 10:15:40,32.54,297,9664
2026-01-02 10:15:41,32.54,311,10120
2026-01-02 10:15:42,32.54,293,9534
2026-01-02 10:15:43,32.54,332,10803
2026-01-02 10:15:44,32.54,273,8883
2026-01-02 10:15:45,32.54,257,8363
2026-01-02 10:15:46,32.54,266,8656
2026-01-02 10:15:47,32.54,298,9697
2026-01-02 10:15:48,32.54,288,9372
2026-01-02 10:15:49,32.54,299,9729
2026-01-02 10:15:50,32.54,286,9306
2026-01-02 10:15:51,32.54,302,9827
2026-01-02 10:15:52,32.54,268,8721
2026-01-02 10:15:53,32.54,265,8623
2026-01-02 10:15:54,32.54,304,9892
2026-01-02 10:15:55,32.54,290,9437
2026-01-02 10:15:56,32.54,281,9144
2026-01-02 10:15:57,32.54,279,9079
2026-01-02 10:15:58,32.54,305,9925
2026-01-02 10:15:59,32.54,279,9079
2026-01-02 10:16:00,32.54,288,9372
2026-01-02 10:16:01,32.54,336,10933
2026-01-02 10:16:02,32.54,276,8981
2026-01-02 10:16:03,32.54,287,9339
2026-01-02 10:16:04,32.54,300,9762
2026-01-02 10:16:05,32.54,280,9111
2026-01-02 10:16:06,32.54,315,10250
2026-01-02 10:16:07,32.54,276,8981
2026-01-02 10:16:08,32.54,276,8981
2026-01-02 10:16:09,32.54,307,9990
2026-01-02 10:16:10,32.54,294,9567
2026-01-02 10:16:11,32.54,282,9176
2026-01-02 10:16:12,32.54,282,9176
2026-01-02 10:16:13,32.54,287,9339
2026-01-02 10:16:14,32.54,291,9469
2026-01-02 10:16:15,32.54,277,9014
2026-01-02 10:16:16,32.54,301,9795
2026-01-02 10:16:17,32.54,300,9762
2026-01-02 10:16:18,32.54,311,10120
2026-01-02 10:16:19,32.54,291,9469
2026-01-02 10:16:20,32.54,306,9957
2026-01-02 10:16:21,32.54,336,10933
2026-01-02 10:16:22,32.54,291,9469
2026-01-02 10:16:23,32.54,265,8623
