timestamp,price,volume,amount
2026-01-02 09:30:00,95.73,485,46429
2026-01-02 09:30:01,95.57,515,49219
2026-01-02 09:30:02,95.56,519,49596
2026-01-02 09:30:03,95.54,490,46815
2026-01-02 09:30:04,95.65,509,48686
2026-01-02 09:30:05,96.13,481,46239
2026-01-02 09:30:06,95.86,485,46492
2026-01-02 09:30:07,96.10,480,46128
2026-01-02 09:30:08,96.27,472,45439
2026-01-02 09:30:09,96.65,498,48132
2026-01-02 09:30:10,96.58,506,48869
2026-01-02 09:30:11,96.09,457,43913
2026-01-02 09:30:12,95.80,481,46080
2026-01-02 09:30:13,95.54,441,42133
2026-01-02 09:30:14,95.74,451,43179
2026-01-02 09:30:15,95.54,428,40891
2026-01-02 09:30:16,95.54,428,40891
2026-01-02 09:30:17,95.54,465,44426
2026-01-02 09:30:18,95.54,499,47674
2026-01-02 09:30:19,95.54,485,46337
2026-01-02 09:30:20,95.54,475,45382
2026-01-02 09:30:21,95.54,493,47101
2026-01-02 09:30:22,95.54,489,46719
2026-01-02 09:30:23,95.54,467,44617
2026-01-02 09:30:24,95.82,481,46089
2026-01-02 09:30:25,95.57,457,43675
2026-01-02 09:30:26,95.55,502,47966
2026-01-02 09:30:27,95.54,456,43566
2026-01-02 09:30:28,95.54,465,44426
2026-01-02 09:30:29,95.54,495,47292
2026-01-02 09:30:30,95.56,482,46060
2026-01-02 09:30:31,95.96,467,44813
2026-01-02 09:30:32,96.42,469,45221
2026-01-02 09:30:33,96.72,487,47103
2026-01-02 09:30:34,96.15,481,46248
2026-01-02 09:30:35,95.93,473,45375
2026-01-02 09:30:36,95.67,443,42382
2026-01-02 09:30:37,95.84,491,47057
2026-01-02 09:30:38,95.54,462,44139
2026-01-02 09:30:39,95.54,500,47770
2026-01-02 09:30:40,95.54,459,43853
2026-01-02 09:30:41,95.54,469,44808
2026-01-02 09:30:42,95.54,468,44713
2026-01-02 09:30:43,95.54,454,43375
2026-01-02 09:30:44,95.54,467,44617
2026-01-02 09:30:45,95.54,488,46624
2026-01-02 09:30:46,95.54,474,45286
2026-01-02 09:30:47,95.54,459,43853
2026-01-02 09:30:48,95.54,474,45286
2026-01-02 09:30:49,95.54,460,43948
2026-01-02 09:30:50,95.54,490,46815
2026-01-02 09:30:51,95.54,468,44713
2026-01-02 09:30:52,95.54,459,43853
2026-01-02 09:30:53,95.54,466,44522
2026-01-02 09:30:54,95.54,467,44617
2026-01-02 09:30:55,95.54,479,45764
2026-01-02 09:30:56,95.54,470,44904
2026-01-02 09:30:57,95.54,480,45859
2026-01-02 09:30:58,95.54,462,44139
2026-01-02 09:30:59,95.92,470,45082
2026-01-02 09:31:00,95.59,497,47508
2026-01-02 09:31:01,95.56,457,43671
2026-01-02 09:31:02,95.54,461,44044
2026-01-02 09:31:03,95.63,481,45998
2026-01-02 09:31:04,96.04,460,44178
2026-01-02 09:31:05,96.01,472,45317
2026-01-02 09:31:06,95.91,518,49681
2026-01-02 09:31:07,95.92,461,44219
2026-01-02 09:31:08,96.33,443,42674
2026-01-02 09:31:09,96.13,450,43258
2026-01-02 09:31:10,95.87,491,47072
2026-01-02 09:31:11,95.54,469,44808
2026-01-02 09:31:12,95.70,460,44022
2026-01-02 09:31:13,96.13,446,42874
2026-01-02 09:31:14,96.36,473,45578
2026-01-02 09:31:15,96.27,434,41781
2026-01-02 09:31:16,96.42,448,43196
2026-01-02 09:31:17,96.57,474,45774
2026-01-02 09:31:18,96.91,487,47195
2026-01-02 09:31:19,96.58,464,44813
2026-01-02 09:31:20,96.54,471,45470
2026-01-02 09:31:21,96.06,462,44380
2026-01-02 09:31:22,95.98,463,44439
2026-01-02 09:31:23,96.73,458,44302
2026-01-02 09:31:24,96.61,489,47242
2026-01-02 09:31:25,96.30,481,46320
2026-01-02 09:31:26,96.25,444,42735
2026-01-02 09:31:27,95.95,441,42314
2026-01-02 09:31:28,95.71,468,44792
2026-01-02 09:31:29,96.14,439,42205
2026-01-02 09:31:30,96.21,452,43487
2026-01-02 09:31:31,95.94,477,45763
2026-01-02 09:31:32,95.56,480,45869
2026-01-02 09:31:33,95.54,488,46624
2026-01-02 09:31:34,95.54,480,45859
2026-01-02 09:31:35,95.54,480,45859
2026-01-02 09:31:36,95.54,431,41178
2026-01-02 09:31:37,95.54,482,46050
2026-01-02 09:31:38,95.54,472,45095
2026-01-02 09:31:39,95.54,432,41273
2026-01-02 09:31:40,95.54,488,46624
2026-01-02 09:31:41,95.54,473,45190
2026-01-02 09:31:42,95.54,441,42133
2026-01-02 09:31:43,95.54,460,43948
2026-01-02 09:31:44,95.54,480,45859
2026-01-02 09:31:45,95.54,452,43184
2026-01-02 09:31:46,95.54,497,47483
2026-01-02 09:31:47,95.54,454,43375
2026-01-02 09:31:48,95.54,451,43089
2026-01-02 09:31:49,95.54,452,43184
2026-01-02 09:31:50,95.54,480,45859
2026-01-02 09:31:51,95.54,487,46528
2026-01-02 09:31:52,95.82,463,44365
2026-01-02 09:31:53,96.18,498,47898
2026-01-02 09:31:54,96.34,462,44509
2026-01-02 09:31:55,96.67,423,40891
2026-01-02 09:31:56,96.93,506,49047
2026-01-02 09:31:57,97.03,511,49582
2026-01-02 09:31:58,96.55,463,44703
2026-01-02 09:31:59,97.08,406,39414
2026-01-02 09:32:00,97.08,453,43977
2026-01-02 09:32:01,97.08,464,45045
2026-01-02 09:32:02,97.08,457,44366
2026-01-02 09:32:03,97.08,470,45628
2026-01-02 09:32:04,97.08,474,46016
2026-01-02 09:32:05,97.08,509,49414
2026-01-02 09:32:06,97.08,434,42133
2026-01-02 09:32:07,97.08,445,43201
2026-01-02 09:32:08,97.01,486,47147
2026-01-02 09:32:09,97.08,460,44657
2026-01-02 09:32:10,97.08,459,44560
2026-01-02 09:32:11,97.08,468,45433
2026-01-02 09:32:12,97.08,432,41939
2026-01-02 09:32:13,97.08,449,43589
2026-01-02 09:32:14,97.08,476,46210
2026-01-02 09:32:15,97.08,458,44463
2026-01-02 09:32:16,97.08,444,43104
2026-01-02 09:32:17,97.08,448,43492
2026-01-02 09:32:18,97.08,496,48152
2026-01-02 09:32:19,97.08,496,48152
2026-01-02 09:32:20,97.08,442,42909
2026-01-02 09:32:21,97.08,451,43783
2026-01-02 09:32:22,97.08,461,44754
2026-01-02 09:32:23,97.08,452,43880
2026-01-02 09:32:24,97.08,455,44171
2026-01-02 09:32:25,97.08,453,43977
2026-01-02 09:32:26,97.08,484,46987
2026-01-02 09:32:27,97.08,467,45336
2026-01-02 09:32:28,97.08,474,46016
2026-01-02 09:32:29,97.08,449,43589
2026-01-02 09:32:30,97.08,503,48831
2026-01-02 09:32:31,97.08,465,45142
2026-01-02 09:32:32,97.08,457,44366
2026-01-02 09:32:33,97.08,455,44171
2026-01-02 09:32:34,97.08,491,47666
2026-01-02 09:32:35,97.08,450,43686
2026-01-02 09:32:36,97.08,492,47763
2026-01-02 09:32:37,97.08,470,45628
2026-01-02 09:32:38,97.08,472,45822
2026-01-02 09:32:39,97.08,460,44657
2026-01-02 09:32:40,97.08,454,44074
2026-01-02 09:32:41,97.08,428,41550
2026-01-02 09:32:42,97.08,472,45822
2026-01-02 09:32:43,97.08,465,45142
2026-01-02 09:32:44,97.08,475,46113
2026-01-02 09:32:45,97.08,428,41550
2026-01-02 09:32:46,97.08,477,46307
2026-01-02 09:32:47,97.08,478,46404
2026-01-02 09:32:48,97.08,437,42424
2026-01-02 09:32:49,97.08,462,44851
2026-01-02 09:32:50,97.08,493,47860
2026-01-02 09:32:51,97.08,444,43104
2026-01-02 09:32:52,97.08,441,42812
2026-01-02 09:32:53,97.08,483,46890
2026-01-02 09:32:54,97.08,440,42715
2026-01-02 09:32:55,97.08,478,46404
2026-01-02 09:32:56,97.08,479,46501
2026-01-02 09:32:57,97.08,473,45919
2026-01-02 09:32:58,97.08,446,43298
2026-01-02 09:32:59,97.08,453,43977
2026-01-02 09:33:00,97.08,478,46404
2026-01-02 09:33:01,97.08,435,42230
2026-01-02 09:33:02,97.08,440,42715
2026-01-02 09:33:03,97.08,459,44560
2026-01-02 09:33:04,97.08,465,45142
2026-01-02 09:33:05,97.08,451,43783
2026-01-02 09:33:06,97.08,485,47084
2026-01-02 09:33:07,97.08,435,42230
2026-01-02 09:33:08,97.08,498,48346
2026-01-02 09:33:09,97.08,457,44366
2026-01-02 09:33:10,97.08,508,49317
2026-01-02 09:33:11,97.08,445,43201
2026-01-02 09:33:12,97.08,426,41356
2026-01-02 09:33:13,97.08,494,47958
2026-01-02 09:33:14,97.08,459,44560
2026-01-02 09:33:15,97.08,434,42133
2026-01-02 09:33:16,97.08,494,47958
2026-01-02 09:33:17,97.08,466,45239
2026-01-02 09:33:18,97.08,450,43686
2026-01-02 09:33:19,97.08,479,46501
2026-01-02 09:33:20,97.08,436,42327
2026-01-02 09:33:21,97.08,465,45142
2026-01-02 09:33:22,97.08,455,44171
2026-01-02 09:33:23,97.08,437,42424
2026-01-02 09:33:24,97.08,482,46793
2026-01-02 09:33:25,97.08,450,43686
2026-01-02 09:33:26,97.08,472,45822
2026-01-02 09:33:27,97.08,461,44754
2026-01-02 09:33:28,97.08,435,42230
2026-01-02 09:33:29,97.08,468,45433
2026-01-02 09:33:30,97.08,473,45919
2026-01-02 09:33:31,97.08,402,39026
2026-01-02 09:33:32,97.08,494,47958
2026-01-02 09:33:33,97.08,446,43298
2026-01-02 09:33:34,97.08,433,42036
2026-01-02 09:33:35,97.08,466,45239
2026-01-02 09:33:36,97.08,449,43589
2026-01-02 09:33:37,97.08,412,39997
2026-01-02 09:33:38,97.08,412,39997
2026-01-02 09:33:39,97.08,456,44268
2026-01-02 09:33:40,97.08,455,44171
2026-01-02 09:33:41,97.08,455,44171
2026-01-02 09:33:42,97.08,458,44463
2026-01-02 09:33:43,97.08,454,44074
2026-01-02 09:33:44,97.08,445,43201
2026-01-02 09:33:45,97.08,447,43395
2026-01-02 09:33:46,97.08,428,41550
2026-01-02 09:33:47,97.08,445,43201
2026-01-02 09:33:48,97.08,491,47666
2026-01-02 09:33:49,97.08,433,42036
2026-01-02 09:33:50,97.08,450,43686
2026-01-02 09:33:51,97.08,465,45142
2026-01-02 09:33:52,97.08,449,43589
2026-01-02 09:33:53,97.08,442,42909
2026-01-02 09:33:54,97.08,466,45239
2026-01-02 09:33:55,97.08,445,43201
2026-01-02 09:33:56,97.08,442,42909
2026-01-02 09:33:57,97.08,442,42909
2026-01-02 09:33:58,97.08,458,44463
2026-01-02 09:33:59,97.08,423,41065
2026-01-02 09:34:00,97.08,476,46210
2026-01-02 09:34:01,97.08,468,45433
2026-01-02 09:34:02,97.08,439,42618
2026-01-02 09:34:03,97.08,480,46598
2026-01-02 09:34:04,97.08,454,44074
2026-01-02 09:34:05,97.08,478,46404
2026-01-02 09:34:06,97.08,442,42909
2026-01-02 09:34:07,97.08,440,42715
2026-01-02 09:34:08,97.08,439,42618
2026-01-02 09:34:09,97.08,451,43783
2026-01-02 09:34:10,97.08,490,47569
2026-01-02 09:34:11,97.08,433,42036
2026-01-02 09:34:12,97.08,423,41065
2026-01-02 09:34:13,97.08,465,45142
2026-01-02 09:34:14,97.08,388,37667
2026-01-02 09:34:15,97.08,432,41939
2026-01-02 09:34:16,97.08,478,46404
2026-01-02 09:34:17,97.08,496,48152
2026-01-02 09:34:18,97.08,446,43298
2026-01-02 09:34:19,97.08,430,41744
2026-01-02 09:34:20,97.08,406,39414
2026-01-02 09:34:21,97.08,438,42521
2026-01-02 09:34:22,97.08,452,43880
2026-01-02 09:34:23,97.08,459,44560
2026-01-02 09:34:24,97.08,431,41841
2026-01-02 09:34:25,97.08,439,42618
2026-01-02 09:34:26,97.08,461,44754
2026-01-02 09:34:27,97.08,422,40968
2026-01-02 09:34:28,97.08,447,43395
2026-01-02 09:34:29,97.08,421,40871
2026-01-02 09:34:30,97.08,476,46210
2026-01-02 09:34:31,97.08,472,45822
2026-01-02 09:34:32,97.08,474,46016
2026-01-02 09:34:33,97.08,451,43783
2026-01-02 09:34:34,97.08,482,46793
2026-01-02 09:34:35,97.08,469,45531
2026-01-02 09:34:36,97.08,458,44463
2026-01-02 09:34:37,96.92,417,40416
2026-01-02 09:34:38,97.08,444,43104
2026-01-02 09:34:39,97.08,442,42909
2026-01-02 09:34:40,97.08,429,41647
2026-01-02 09:34:41,97.08,436,42327
2026-01-02 09:34:42,97.08,475,46113
2026-01-02 09:34:43,97.08,477,46307
2026-01-02 09:34:44,97.01,454,44043
2026-01-02 09:34:45,97.08,445,43201
2026-01-02 09:34:46,97.08,446,43298
2026-01-02 09:34:47,97.08,443,43006
2026-01-02 09:34:48,97.08,437,42424
2026-01-02 09:34:49,97.08,437,42424
2026-01-02 09:34:50,97.08,469,45531
2026-01-02 09:34:51,97.08,418,40579
2026-01-02 09:34:52,97.08,434,42133
2026-01-02 09:34:53,97.08,447,43395
2026-01-02 09:34:54,97.08,471,45725
2026-01-02 09:34:55,97.08,458,44463
2026-01-02 09:34:56,97.08,478,46404
2026-01-02 09:34:57,97.08,434,42133
2026-01-02 09:34:58,97.05,434,42120
2026-01-02 09:34:59,97.08,488,47375
2026-01-02 09:35:00,96.96,483,46832
2026-01-02 09:35:01,97.08,462,44851
2026-01-02 09:35:02,97.08,445,43201
2026-01-02 09:35:03,97.04,477,46288
2026-01-02 09:35:04,96.62,422,40774
2026-01-02 09:35:05,96.71,441,42649
2026-01-02 09:35:06,96.38,462,44528
2026-01-02 09:35:07,96.25,444,42735
2026-01-02 09:35:08,96.60,405,39123
2026-01-02 09:35:09,97.08,439,42618
2026-01-02 09:35:10,97.04,466,45221
2026-01-02 09:35:11,97.08,456,44268
2026-01-02 09:35:12,96.67,435,42051
2026-01-02 09:35:13,96.46,474,45722
2026-01-02 09:35:14,97.08,464,45045
2026-01-02 09:35:15,97.08,410,39803
2026-01-02 09:35:16,97.08,457,44366
2026-01-02 09:35:17,97.03,452,43858
2026-01-02 09:35:18,97.08,432,41939
2026-01-02 09:35:19,97.08,426,41356
2026-01-02 09:35:20,97.08,473,45919
2026-01-02 09:35:21,96.93,429,41583
2026-01-02 09:35:22,96.87,428,41460
2026-01-02 09:35:23,97.08,438,42521
2026-01-02 09:35:24,97.08,418,40579
2026-01-02 09:35:25,97.08,435,42230
2026-01-02 09:35:26,96.05,455,43703
2026-01-02 09:35:27,95.87,399,38252
2026-01-02 09:35:28,96.46,404,38970
2026-01-02 09:35:29,95.58,468,44731
2026-01-02 09:35:30,95.54,453,43280
2026-01-02 09:35:31,95.54,451,43089
2026-01-02 09:35:32,95.54,479,45764
2026-01-02 09:35:33,95.54,414,39554
2026-01-02 09:35:34,95.54,458,43757
2026-01-02 09:35:35,95.54,453,43280
2026-01-02 09:35:36,95.54,415,39649
2026-01-02 09:35:37,95.54,426,40700
2026-01-02 09:35:38,95.54,454,43375
2026-01-02 09:35:39,95.54,460,43948
2026-01-02 09:35:40,95.54,476,45477
2026-01-02 09:35:41,95.54,410,39171
2026-01-02 09:35:42,95.54,402,38407
2026-01-02 09:35:43,95.54,445,42515
2026-01-02 09:35:44,95.54,448,42802
2026-01-02 09:35:45,95.54,445,42515
2026-01-02 09:35:46,95.54,482,46050
2026-01-02 09:35:47,95.54,455,43471
2026-01-02 09:35:48,95.54,452,43184
2026-01-02 09:35:49,95.54,450,42993
2026-01-02 09:35:50,95.54,448,42802
2026-01-02 09:35:51,95.54,493,47101
2026-01-02 09:35:52,95.54,478,45668
2026-01-02 09:35:53,95.54,456,43566
2026-01-02 09:35:54,95.54,449,42897
2026-01-02 09:35:55,95.54,437,41751
2026-01-02 09:35:56,95.54,425,40604
2026-01-02 09:35:57,95.54,466,44522
2026-01-02 09:35:58,95.54,443,42324
2026-01-02 09:35:59,95.54,457,43662
2026-01-02 09:36:00,95.54,455,43471
2026-01-02 09:36:01,95.54,393,37547
2026-01-02 09:36:02,95.54,469,44808
2026-01-02 09:36:03,95.54,429,40987
2026-01-02 09:36:04,95.54,409,39076
2026-01-02 09:36:05,95.54,442,42229
2026-01-02 09:36:06,95.54,450,42993
2026-01-02 09:36:07,95.54,443,42324
2026-01-02 09:36:08,95.54,421,40222
2026-01-02 09:36:09,95.54,446,42611
2026-01-02 09:36:10,95.54,452,43184
2026-01-02 09:36:11,95.54,469,44808
2026-01-02 09:36:12,95.54,459,43853
2026-01-02 09:36:13,95.54,424,40509
2026-01-02 09:36:14,95.54,440,42038
2026-01-02 09:36:15,95.54,456,43566
2026-01-02 09:36:16,95.54,453,43280
2026-01-02 09:36:17,95.54,451,43089
2026-01-02 09:36:18,95.54,415,39649
2026-01-02 09:36:19,95.54,426,40700
2026-01-02 09:36:20,95.54,454,43375
2026-01-02 09:36:21,95.54,469,44808
2026-01-02 09:36:22,95.54,423,40413
2026-01-02 09:36:23,95.54,438,41847
2026-01-02 09:36:24,95.54,397,37929
2026-01-02 09:36:25,95.54,437,41751
2026-01-02 09:36:26,95.54,441,42133
2026-01-02 09:36:27,95.54,425,40604
2026-01-02 09:36:28,95.54,438,41847
2026-01-02 09:36:29,95.54,441,42133
2026-01-02 09:36:30,95.54,443,42324
2026-01-02 09:36:31,95.54,426,40700
2026-01-02 09:36:32,95.54,447,42706
2026-01-02 09:36:33,95.54,448,42802
2026-01-02 09:36:34,95.54,448,42802
2026-01-02 09:36:35,95.54,421,40222
2026-01-02 09:36:36,95.54,419,40031
2026-01-02 09:36:37,95.54,430,41082
2026-01-02 09:36:38,95.54,427,40796
2026-01-02 09:36:39,95.54,462,44139
2026-01-02 09:36:40,95.54,438,41847
2026-01-02 09:36:41,95.54,453,43280
2026-01-02 09:36:42,95.54,439,41942
2026-01-02 09:36:43,95.54,442,42229
2026-01-02 09:36:44,95.54,445,42515
2026-01-02 09:36:45,95.54,450,42993
2026-01-02 09:36:46,95.54,437,41751
2026-01-02 09:36:47,95.54,456,43566
2026-01-02 09:36:48,95.54,440,42038
2026-01-02 09:36:49,95.54,430,41082
2026-01-02 09:36:50,95.54,421,40222
2026-01-02 09:36:51,95.54,445,42515
2026-01-02 09:36:52,95.54,435,41560
2026-01-02 09:36:53,95.54,434,41464
2026-01-02 09:36:54,95.54,447,42706
2026-01-02 09:36:55,95.54,434,41464
2026-01-02 09:36:56,95.54,436,41655
2026-01-02 09:36:57,95.54,394,37643
2026-01-02 09:36:58,95.54,426,40700
2026-01-02 09:36:59,95.54,452,43184
2026-01-02 09:37:00,95.54,438,41847
2026-01-02 09:37:01,95.54,398,38025
2026-01-02 09:37:02,95.54,429,40987
2026-01-02 09:37:03,95.54,443,42324
2026-01-02 09:37:04,95.54,456,43566
2026-01-02 09:37:05,95.54,423,40413
2026-01-02 09:37:06,95.54,440,42038
2026-01-02 09:37:07,95.54,445,42515
2026-01-02 09:37:08,95.54,384,36687
2026-01-02 09:37:09,95.54,461,44044
2026-01-02 09:37:10,95.54,438,41847
2026-01-02 09:37:11,95.54,447,42706
2026-01-02 09:37:12,95.54,462,44139
2026-01-02 09:37:13,95.54,410,39171
2026-01-02 09:37:14,95.54,441,42133
2026-01-02 09:37:15,95.54,494,47197
2026-01-02 09:37:16,95.54,432,41273
2026-01-02 09:37:17,95.54,435,41560
2026-01-02 09:37:18,95.54,422,40318
2026-01-02 09:37:19,95.54,465,44426
2026-01-02 09:37:20,95.54,409,39076
2026-01-02 09:37:21,95.54,458,43757
2026-01-02 09:37:22,95.54,433,41369
2026-01-02 09:37:23,95.54,461,44044
2026-01-02 09:37:24,95.54,464,44331
2026-01-02 09:37:25,95.54,407,38885
2026-01-02 09:37:26,95.54,392,37452
2026-01-02 09:37:27,95.54,448,42802
2026-01-02 09:37:28,95.54,403,38503
2026-01-02 09:37:29,95.54,404,38598
2026-01-02 09:37:30,95.54,428,40891
2026-01-02 09:37:31,95.54,453,43280
2026-01-02 09:37:32,95.54,426,40700
2026-01-02 09:37:33,95.54,421,40222
2026-01-02 09:37:34,95.54,451,43089
2026-01-02 09:37:35,95.54,411,39267
2026-01-02 09:37:36,95.54,398,38025
2026-01-02 09:37:37,95.54,406,38789
2026-01-02 09:37:38,95.54,463,44235
2026-01-02 09:37:39,95.54,440,42038
2026-01-02 09:37:40,95.54,433,41369
2026-01-02 09:37:41,95.54,440,42038
2026-01-02 09:37:42,95.54,435,41560
2026-01-02 09:37:43,95.54,468,44713
2026-01-02 09:37:44,95.54,417,39840
2026-01-02 09:37:45,95.54,447,42706
2026-01-02 09:37:46,95.54,427,40796
2026-01-02 09:37:47,95.54,431,41178
2026-01-02 09:37:48,95.54,457,43662
2026-01-02 09:37:49,95.54,423,40413
2026-01-02 09:37:50,95.54,423,40413
2026-01-02 09:37:51,95.54,389,37165
2026-01-02 09:37:52,95.54,447,42706
2026-01-02 09:37:53,95.54,385,36783
2026-01-02 09:37:54,95.54,435,41560
2026-01-02 09:37:55,95.54,443,42324
2026-01-02 09:37:56,95.54,432,41273
2026-01-02 09:37:57,95.54,435,41560
2026-01-02 09:37:58,95.54,448,42802
2026-01-02 09:37:59,95.54,440,42038
2026-01-02 09:38:00,95.54,428,40891
2026-01-02 09:38:01,95.54,457,43662
2026-01-02 09:38:02,95.54,421,40222
2026-01-02 09:38:03,95.54,463,44235
2026-01-02 09:38:04,95.54,460,43948
2026-01-02 09:38:05,95.54,471,44999
2026-01-02 09:38:06,95.54,442,42229
2026-01-02 09:38:07,95.54,461,44044
2026-01-02 09:38:08,95.54,427,40796
2026-01-02 09:38:09,95.54,393,37547
2026-01-02 09:38:10,95.54,429,40987
2026-01-02 09:38:11,95.54,431,41178
2026-01-02 09:38:12,95.54,408,38980
2026-01-02 09:38:13,95.54,399,38120
2026-01-02 09:38:14,95.54,447,42706
2026-01-02 09:38:15,95.54,425,40604
2026-01-02 09:38:16,95.54,424,40509
2026-01-02 09:38:17,95.54,399,38120
2026-01-02 09:38:18,95.54,439,41942
2026-01-02 09:38:19,95.54,439,41942
2026-01-02 09:38:20,95.54,445,42515
2026-01-02 09:38:21,95.54,459,43853
2026-01-02 09:38:22,95.54,449,42897
2026-01-02 09:38:23,95.54,432,41273
2026-01-02 09:38:24,95.54,453,43280
2026-01-02 09:38:25,95.54,447,42706
2026-01-02 09:38:26,95.54,445,42515
2026-01-02 09:38:27,95.54,441,42133
2026-01-02 09:38:28,95.54,425,40604
2026-01-02 09:38:29,95.54,427,40796
2026-01-02 09:38:30,95.54,411,39267
2026-01-02 09:38:31,95.54,467,44617
2026-01-02 09:38:32,95.54,452,43184
2026-01-02 09:38:33,95.54,435,41560
2026-01-02 09:38:34,95.54,413,39458
2026-01-02 09:38:35,95.54,456,43566
2026-01-02 09:38:36,95.54,446,42611
2026-01-02 09:38:37,95.54,459,43853
2026-01-02 09:38:38,95.54,434,41464
2026-01-02 09:38:39,95.54,448,42802
2026-01-02 09:38:40,95.54,429,40987
2026-01-02 09:38:41,95.54,412,39362
2026-01-02 09:38:42,95.54,444,42420
2026-01-02 09:38:43,95.54,426,40700
2026-01-02 09:38:44,95.54,428,40891
2026-01-02 09:38:45,95.54,419,40031
2026-01-02 09:38:46,95.54,422,40318
2026-01-02 09:38:47,95.54,402,38407
2026-01-02 09:38:48,95.54,416,39745
2026-01-02 09:38:49,95.54,418,39936
2026-01-02 09:38:50,95.54,421,40222
2026-01-02 09:38:51,95.54,457,43662
2026-01-02 09:38:52,95.54,403,38503
2026-01-02 09:38:53,95.54,395,37738
2026-01-02 09:38:54,95.54,447,42706
2026-01-02 09:38:55,95.54,396,37834
2026-01-02 09:38:56,95.54,462,44139
2026-01-02 09:38:57,95.54,425,40604
2026-01-02 09:38:58,95.54,410,39171
2026-01-02 09:38:59,95.54,474,45286
2026-01-02 09:39:00,95.54,427,40796
2026-01-02 09:39:01,95.54,441,42133
2026-01-02 09:39:02,95.54,452,43184
2026-01-02 09:39:03,95.54,382,36496
2026-01-02 09:39:04,95.54,406,38789
2026-01-02 09:39:05,95.54,405,38694
2026-01-02 09:39:06,95.54,421,40222
2026-01-02 09:39:07,95.54,434,41464
2026-01-02 09:39:08,95.54,431,41178
2026-01-02 09:39:09,95.54,396,37834
2026-01-02 09:39:10,95.54,423,40413
2026-01-02 09:39:11,95.54,435,41560
2026-01-02 09:39:12,95.54,415,39649
2026-01-02 09:39:13,95.54,428,40891
2026-01-02 09:39:14,95.54,429,40987
2026-01-02 09:39:15,95.54,380,36305
2026-01-02 09:39:16,95.54,425,40604
2026-01-02 09:39:17,95.54,469,44808
2026-01-02 09:39:18,95.54,451,43089
2026-01-02 09:39:19,95.54,395,37738
2026-01-02 09:39:20,95.54,374,35732
2026-01-02 09:39:21,95.54,416,39745
2026-01-02 09:39:22,95.54,439,41942
2026-01-02 09:39:23,95.54,383,36592
2026-01-02 09:39:24,95.54,415,39649
2026-01-02 09:39:25,95.54,429,40987
2026-01-02 09:39:26,95.54,423,40413
2026-01-02 09:39:27,95.54,374,35732
2026-01-02 09:39:28,95.54,489,46719
2026-01-02 09:39:29,95.54,408,38980
2026-01-02 09:39:30,95.54,429,40987
2026-01-02 09:39:31,95.54,400,38216
2026-01-02 09:39:32,95.54,455,43471
2026-01-02 09:39:33,95.54,412,39362
2026-01-02 09:39:34,95.54,440,42038
2026-01-02 09:39:35,95.54,443,42324
2026-01-02 09:39:36,95.54,425,40604
2026-01-02 09:39:37,95.54,422,40318
2026-01-02 09:39:38,95.54,435,41560
2026-01-02 09:39:39,95.54,435,41560
2026-01-02 09:39:40,95.54,449,42897
2026-01-02 09:39:41,95.54,419,40031
2026-01-02 09:39:42,95.54,411,39267
2026-01-02 09:39:43,95.54,402,38407
2026-01-02 09:39:44,95.54,425,40604
2026-01-02 09:39:45,95.54,437,41751
2026-01-02 09:39:46,95.54,397,37929
2026-01-02 09:39:47,95.54,447,42706
2026-01-02 09:39:48,95.54,412,39362
2026-01-02 09:39:49,95.54,458,43757
2026-01-02 09:39:50,95.54,439,41942
2026-01-02 09:39:51,95.54,436,41655
2026-01-02 09:39:52,95.54,428,40891
2026-01-02 09:39:53,95.54,435,41560
2026-01-02 09:39:54,95.54,395,37738
2026-01-02 09:39:55,95.54,453,43280
2026-01-02 09:39:56,95.54,394,37643
2026-01-02 09:39:57,95.54,434,41464
2026-01-02 09:39:58,95.54,427,40796
2026-01-02 09:39:59,95.54,456,43566
2026-01-02 09:40:00,95.54,430,41082
2026-01-02 09:40:01,95.54,424,40509
2026-01-02 09:40:02,95.54,396,37834
2026-01-02 09:40:03,95.54,422,40318
2026-01-02 09:40:04,95.54,409,39076
2026-01-02 09:40:05,95.54,441,42133
2026-01-02 09:40:06,95.54,410,39171
2026-01-02 09:40:07,95.54,440,42038
2026-01-02 09:40:08,95.54,453,43280
2026-01-02 09:40:09,95.54,400,38216
2026-01-02 09:40:10,95.54,417,39840
2026-01-02 09:40:11,95.54,423,40413
2026-01-02 09:40:12,95.54,418,39936
2026-01-02 09:40:13,95.54,411,39267
2026-01-02 09:40:14,95.54,418,39936
2026-01-02 09:40:15,95.54,435,41560
2026-01-02 09:40:16,95.54,406,38789
2026-01-02 09:40:17,95.54,435,41560
2026-01-02 09:40:18,95.54,409,39076
2026-01-02 09:40:19,95.54,435,41560
2026-01-02 09:40:20,95.54,399,38120
2026-01-02 09:40:21,95.54,419,40031
2026-01-02 09:40:22,95.54,449,42897
2026-01-02 09:40:23,95.54,400,38216
2026-01-02 09:40:24,95.54,436,41655
2026-01-02 09:40:25,95.54,404,38598
2026-01-02 09:40:26,95.54,438,41847
2026-01-02 09:40:27,95.54,415,39649
2026-01-02 09:40:28,95.54,444,42420
2026-01-02 09:40:29,95.54,419,40031
2026-01-02 09:40:30,95.54,427,40796
2026-01-02 09:40:31,95.54,435,41560
2026-01-02 09:40:32,95.54,419,40031
2026-01-02 09:40:33,95.54,413,39458
2026-01-02 09:40:34,95.54,404,38598
2026-01-02 09:40:35,95.54,428,40891
2026-01-02 09:40:36,95.54,426,40700
2026-01-02 09:40:37,95.54,413,39458
2026-01-02 09:40:38,95.54,432,41273
2026-01-02 09:40:39,95.54,413,39458
2026-01-02 09:40:40,95.54,387,36974
2026-01-02 09:40:41,95.54,418,39936
2026-01-02 09:40:42,95.54,392,37452
2026-01-02 09:40:43,95.54,395,37738
2026-01-02 09:40:44,95.54,436,41655
2026-01-02 09:40:45,95.54,455,43471
2026-01-02 09:40:46,95.54,438,41847
2026-01-02 09:40:47,95.54,447,42706
2026-01-02 09:40:48,95.54,438,41847
2026-01-02 09:40:49,95.54,422,40318
2026-01-02 09:40:50,95.54,391,37356
2026-01-02 09:40:51,95.54,419,40031
2026-01-02 09:40:52,95.54,462,44139
2026-01-02 09:40:53,95.54,393,37547
2026-01-02 09:40:54,95.54,397,37929
2026-01-02 09:40:55,95.54,439,41942
2026-01-02 09:40:56,95.54,436,41655
2026-01-02 09:40:57,95.54,416,39745
2026-01-02 09:40:58,95.54,395,37738
2026-01-02 09:40:59,95.54,414,39554
2026-01-02 09:41:00,95.54,422,40318
2026-01-02 09:41:01,95.54,407,38885
2026-01-02 09:41:02,95.54,443,42324
2026-01-02 09:41:03,95.54,420,40127
2026-01-02 09:41:04,95.54,413,39458
2026-01-02 09:41:05,95.54,442,42229
2026-01-02 09:41:06,95.54,437,41751
2026-01-02 09:41:07,95.54,396,37834
2026-01-02 09:41:08,95.54,400,38216
2026-01-02 09:41:09,95.54,416,39745
2026-01-02 09:41:10,95.54,421,40222
2026-01-02 09:41:11,95.54,417,39840
2026-01-02 09:41:12,95.54,437,41751
2026-01-02 09:41:13,95.54,400,38216
2026-01-02 09:41:14,95.54,425,40604
2026-01-02 09:41:15,95.54,420,40127
2026-01-02 09:41:16,95.54,433,41369
2026-01-02 09:41:17,95.54,456,43566
2026-01-02 09:41:18,95.54,439,41942
2026-01-02 09:41:19,95.54,421,40222
2026-01-02 09:41:20,95.54,442,42229
2026-01-02 09:41:21,95.54,390,37261
2026-01-02 09:41:22,95.54,418,39936
2026-01-02 09:41:23,95.54,404,38598
2026-01-02 09:41:24,95.54,410,39171
2026-01-02 09:41:25,95.54,480,45859
2026-01-02 09:41:26,95.54,416,39745
2026-01-02 09:41:27,95.54,383,36592
2026-01-02 09:41:28,95.54,419,40031
2026-01-02 09:41:29,95.54,423,40413
2026-01-02 09:41:30,95.54,417,39840
2026-01-02 09:41:31,95.54,468,44713
2026-01-02 09:41:32,95.54,391,37356
2026-01-02 09:41:33,95.54,419,40031
2026-01-02 09:41:34,95.54,434,41464
2026-01-02 09:41:35,95.54,393,37547
2026-01-02 09:41:36,95.54,417,39840
2026-01-02 09:41:37,95.54,425,40604
2026-01-02 09:41:38,95.54,388,37070
2026-01-02 09:41:39,95.54,423,40413
2026-01-02 09:41:40,95.54,459,43853
2026-01-02 09:41:41,95.54,434,41464
2026-01-02 09:41:42,95.54,445,42515
2026-01-02 09:41:43,95.54,446,42611
2026-01-02 09:41:44,95.54,436,41655
2026-01-02 09:41:45,95.54,420,40127
2026-01-02 09:41:46,95.54,412,39362
2026-01-02 09:41:47,95.54,422,40318
2026-01-02 09:41:48,95.54,400,38216
2026-01-02 09:41:49,95.54,444,42420
2026-01-02 09:41:50,95.54,421,40222
2026-01-02 09:41:51,95.54,408,38980
2026-01-02 09:41:52,95.54,433,41369
2026-01-02 09:41:53,95.54,422,40318
2026-01-02 09:41:54,95.54,438,41847
2026-01-02 09:41:55,95.54,419,40031
2026-01-02 09:41:56,95.54,376,35923
2026-01-02 09:41:57,95.54,403,38503
2026-01-02 09:41:58,95.54,420,40127
2026-01-02 09:41:59,95.54,409,39076
2026-01-02 09:42:00,95.54,380,36305
2026-01-02 09:42:01,95.54,406,38789
2026-01-02 09:42:02,95.54,432,41273
2026-01-02 09:42:03,95.54,440,42038
2026-01-02 09:42:04,95.54,441,42133
2026-01-02 09:42:05,95.54,401,38312
2026-01-02 09:42:06,95.54,414,39554
2026-01-02 09:42:07,95.54,440,42038
2026-01-02 09:42:08,95.54,394,37643
2026-01-02 09:42:09,95.54,362,34585
2026-01-02 09:42:10,95.54,389,37165
2026-01-02 09:42:11,95.54,412,39362
2026-01-02 09:42:12,95.54,418,39936
2026-01-02 09:42:13,95.54,420,40127
2026-01-02 09:42:14,95.54,420,40127
2026-01-02 09:42:15,95.54,404,38598
2026-01-02 09:42:16,95.54,426,40700
2026-01-02 09:42:17,95.54,428,40891
2026-01-02 09:42:18,95.54,402,38407
2026-01-02 09:42:19,95.54,388,37070
2026-01-02 09:42:20,95.54,387,36974
2026-01-02 09:42:21,95.54,423,40413
2026-01-02 09:42:22,95.54,428,40891
2026-01-02 09:42:23,95.54,372,35541
2026-01-02 09:42:24,95.54,429,40987
2026-01-02 09:42:25,95.54,443,42324
2026-01-02 09:42:26,95.54,434,41464
2026-01-02 09:42:27,95.54,429,40987
2026-01-02 09:42:28,95.54,393,37547
2026-01-02 09:42:29,95.54,419,40031
2026-01-02 09:42:30,95.54,394,37643
2026-01-02 09:42:31,95.54,385,36783
2026-01-02 09:42:32,95.54,426,40700
2026-01-02 09:42:33,95.54,408,38980
2026-01-02 09:42:34,95.54,404,38598
2026-01-02 09:42:35,95.54,395,37738
2026-01-02 09:42:36,95.54,412,39362
2026-01-02 09:42:37,95.54,393,37547
2026-01-02 09:42:38,95.54,385,36783
2026-01-02 09:42:39,95.54,435,41560
2026-01-02 09:42:40,95.54,389,37165
2026-01-02 09:42:41,95.54,441,42133
2026-01-02 09:42:42,95.54,398,38025
2026-01-02 09:42:43,95.54,378,36114
2026-01-02 09:42:44,95.54,427,40796
2026-01-02 09:42:45,95.54,429,40987
2026-01-02 09:42:46,95.54,409,39076
2026-01-02 09:42:47,95.54,438,41847
2026-01-02 09:42:48,95.54,390,37261
2026-01-02 09:42:49,95.54,416,39745
2026-01-02 09:42:50,95.54,438,41847
2026-01-02 09:42:51,95.54,423,40413
2026-01-02 09:42:52,95.54,398,38025
2026-01-02 09:42:53,95.54,392,37452
2026-01-02 09:42:54,95.54,396,37834
2026-01-02 09:42:55,95.54,422,40318
2026-01-02 09:42:56,95.54,408,38980
2026-01-02 09:42:57,95.54,440,42038
2026-01-02 09:42:58,95.54,416,39745
2026-01-02 09:42:59,95.54,423,40413
2026-01-02 09:43:00,95.54,424,40509
2026-01-02 09:43:01,95.54,443,42324
2026-01-02 09:43:02,95.54,397,37929
2026-01-02 09:43:03,95.54,391,37356
2026-01-02 09:43:04,95.54,413,39458
2026-01-02 09:43:05,95.54,380,36305
2026-01-02 09:43:06,95.54,414,39554
2026-01-02 09:43:07,95.54,399,38120
2026-01-02 09:43:08,95.54,438,41847
2026-01-02 09:43:09,95.54,419,40031
2026-01-02 09:43:10,95.54,428,40891
2026-01-02 09:43:11,95.54,423,40413
2026-01-02 09:43:12,95.54,424,40509
2026-01-02 09:43:13,95.54,404,38598
2026-01-02 09:43:14,95.54,412,39362
2026-01-02 09:43:15,95.54,421,40222
2026-01-02 09:43:16,95.54,419,40031
2026-01-02 09:43:17,95.54,407,38885
2026-01-02 09:43:18,95.54,434,41464
2026-01-02 09:43:19,95.54,451,43089
2026-01-02 09:43:20,95.54,405,38694
2026-01-02 09:43:21,95.54,381,36401
2026-01-02 09:43:22,95.54,406,38789
2026-01-02 09:43:23,95.54,433,41369
2026-01-02 09:43:24,95.54,424,40509
2026-01-02 09:43:25,95.54,396,37834
2026-01-02 09:43:26,95.54,398,38025
2026-01-02 09:43:27,95.54,401,38312
2026-01-02 09:43:28,95.54,393,37547
2026-01-02 09:43:29,95.54,413,39458
2026-01-02 09:43:30,95.54,390,37261
2026-01-02 09:43:31,95.54,396,37834
2026-01-02 09:43:32,95.54,432,41273
2026-01-02 09:43:33,95.54,426,40700
2026-01-02 09:43:34,95.54,458,43757
2026-01-02 09:43:35,95.54,418,39936
2026-01-02 09:43:36,95.54,424,40509
2026-01-02 09:43:37,95.54,402,38407
2026-01-02 09:43:38,95.54,394,37643
2026-01-02 09:43:39,95.54,430,41082
2026-01-02 09:43:40,95.54,417,39840
2026-01-02 09:43:41,95.54,398,38025
2026-01-02 09:43:42,95.54,404,38598
2026-01-02 09:43:43,95.54,427,40796
2026-01-02 09:43:44,95.54,421,40222
2026-01-02 09:43:45,95.54,413,39458
2026-01-02 09:43:46,95.54,423,40413
2026-01-02 09:43:47,95.54,386,36878
2026-01-02 09:43:48,95.54,417,39840
2026-01-02 09:43:49,95.54,459,43853
2026-01-02 09:43:50,95.54,402,38407
2026-01-02 09:43:51,95.54,425,40604
2026-01-02 09:43:52,95.54,416,39745
2026-01-02 09:43:53,95.54,404,38598
2026-01-02 09:43:54,95.54,409,39076
2026-01-02 09:43:55,95.54,416,39745
2026-01-02 09:43:56,95.54,411,39267
2026-01-02 09:43:57,95.54,425,40604
2026-01-02 09:43:58,95.54,450,42993
2026-01-02 09:43:59,95.54,404,38598
2026-01-02 09:44:00,95.54,407,38885
2026-01-02 09:44:01,95.54,413,39458
2026-01-02 09:44:02,95.54,389,37165
2026-01-02 09:44:03,95.54,401,38312
2026-01-02 09:44:04,95.54,417,39840
2026-01-02 09:44:05,95.54,380,36305
2026-01-02 09:44:06,95.54,401,38312
2026-01-02 09:44:07,95.54,425,40604
2026-01-02 09:44:08,95.54,448,42802
2026-01-02 09:44:09,95.54,392,37452
2026-01-02 09:44:10,95.54,420,40127
2026-01-02 09:44:11,95.54,415,39649
2026-01-02 09:44:12,95.54,394,37643
2026-01-02 09:44:13,95.54,438,41847
2026-01-02 09:44:14,95.54,413,39458
2026-01-02 09:44:15,95.54,433,41369
2026-01-02 09:44:16,95.54,394,37643
2026-01-02 09:44:17,95.54,397,37929
2026-01-02 09:44:18,95.54,386,36878
2026-01-02 09:44:19,95.54,407,38885
2026-01-02 09:44:20,95.54,422,40318
2026-01-02 09:44:21,95.54,349,33343
2026-01-02 09:44:22,95.54,405,38694
2026-01-02 09:44:23,95.54,412,39362
2026-01-02 09:44:24,95.54,414,39554
2026-01-02 09:44:25,95.54,393,37547
2026-01-02 09:44:26,95.54,383,36592
2026-01-02 09:44:27,95.54,396,37834
2026-01-02 09:44:28,95.54,390,37261
2026-01-02 09:44:29,95.54,398,38025
2026-01-02 09:44:30,95.54,407,38885
2026-01-02 09:44:31,95.54,411,39267
2026-01-02 09:44:32,95.54,404,38598
2026-01-02 09:44:33,95.54,410,39171
2026-01-02 09:44:34,95.54,402,38407
2026-01-02 09:44:35,95.54,360,34394
2026-01-02 09:44:36,95.54,380,36305
2026-01-02 09:44:37,95.54,416,39745
2026-01-02 09:44:38,95.54,395,37738
2026-01-02 09:44:39,95.54,395,37738
2026-01-02 09:44:40,95.54,395,37738
2026-01-02 09:44:41,95.54,431,41178
2026-01-02 09:44:42,95.54,387,36974
2026-01-02 09:44:43,95.54,422,40318
2026-01-02 09:44:44,95.54,421,40222
2026-01-02 09:44:45,95.54,388,37070
2026-01-02 09:44:46,95.54,398,38025
2026-01-02 09:44:47,95.54,393,37547
2026-01-02 09:44:48,95.54,378,36114
2026-01-02 09:44:49,95.54,408,38980
2026-01-02 09:44:50,95.54,397,37929
2026-01-02 09:44:51,95.54,427,40796
2026-01-02 09:44:52,95.54,419,40031
2026-01-02 09:44:53,95.54,395,37738
2026-01-02 09:44:54,95.54,399,38120
2026-01-02 09:44:55,95.54,428,40891
2026-01-02 09:44:56,95.54,401,38312
2026-01-02 09:44:57,95.54,390,37261
2026-01-02 09:44:58,95.54,382,36496
2026-01-02 09:44:59,95.54,447,42706
2026-01-02 09:45:00,95.54,412,39362
2026-01-02 09:45:01,95.54,401,38312
2026-01-02 09:45:02,95.54,407,38885
2026-01-02 09:45:03,95.54,423,40413
2026-01-02 09:45:04,95.54,404,38598
2026-01-02 09:45:05,95.54,409,39076
2026-01-02 09:45:06,95.54,343,32770
2026-01-02 09:45:07,95.54,401,38312
2026-01-02 09:45:08,95.54,387,36974
2026-01-02 09:45:09,95.54,423,40413
2026-01-02 09:45:10,95.54,420,40127
2026-01-02 09:45:11,95.54,404,38598
2026-01-02 09:45:12,95.54,424,40509
2026-01-02 09:45:13,95.54,396,37834
2026-01-02 09:45:14,95.54,394,37643
2026-01-02 09:45:15,95.54,425,40604
2026-01-02 09:45:16,95.54,380,36305
2026-01-02 09:45:17,95.54,394,37643
2026-01-02 09:45:18,95.54,381,36401
2026-01-02 09:45:19,95.54,388,37070
2026-01-02 09:45:20,95.54,350,33439
2026-01-02 09:45:21,95.54,419,40031
2026-01-02 09:45:22,95.54,399,38120
2026-01-02 09:45:23,95.54,381,36401
2026-01-02 09:45:24,95.54,422,40318
2026-01-02 09:45:25,95.54,412,39362
2026-01-02 09:45:26,95.54,385,36783
2026-01-02 09:45:27,95.54,403,38503
2026-01-02 09:45:28,95.54,395,37738
2026-01-02 09:45:29,95.54,445,42515
2026-01-02 09:45:30,95.54,402,38407
2026-01-02 09:45:31,95.54,390,37261
2026-01-02 09:45:32,95.54,359,34299
2026-01-02 09:45:33,95.54,410,39171
2026-01-02 09:45:34,95.54,415,39649
2026-01-02 09:45:35,95.54,377,36019
2026-01-02 09:45:36,95.54,409,39076
2026-01-02 09:45:37,95.54,420,40127
2026-01-02 09:45:38,95.54,421,40222
2026-01-02 09:45:39,95.54,384,36687
2026-01-02 09:45:40,95.54,382,36496
2026-01-02 09:45:41,95.54,382,36496
2026-01-02 09:45:42,95.54,404,38598
2026-01-02 09:45:43,95.54,387,36974
2026-01-02 09:45:44,95.54,415,39649
2026-01-02 09:45:45,95.54,395,37738
2026-01-02 09:45:46,95.54,425,40604
2026-01-02 09:45:47,95.54,374,35732
2026-01-02 09:45:48,95.54,405,38694
2026-01-02 09:45:49,95.54,396,37834
2026-01-02 09:45:50,95.54,443,42324
2026-01-02 09:45:51,95.54,419,40031
2026-01-02 09:45:52,95.54,347,33152
2026-01-02 09:45:53,95.54,394,37643
2026-01-02 09:45:54,95.54,403,38503
2026-01-02 09:45:55,95.54,360,34394
2026-01-02 09:45:56,95.54,363,34681
2026-01-02 09:45:57,95.54,388,37070
2026-01-02 09:45:58,95.54,426,40700
2026-01-02 09:45:59,95.54,409,39076
2026-01-02 09:46:00,95.54,378,36114
2026-01-02 09:46:01,95.54,406,38789
2026-01-02 09:46:02,95.54,394,37643
2026-01-02 09:46:03,95.54,377,36019
2026-01-02 09:46:04,95.54,389,37165
2026-01-02 09:46:05,95.54,398,38025
2026-01-02 09:46:06,95.54,400,38216
2026-01-02 09:46:07,95.54,433,41369
2026-01-02 09:46:08,95.54,381,36401
2026-01-02 09:46:09,95.54,395,37738
2026-01-02 09:46:10,95.54,379,36210
2026-01-02 09:46:11,95.54,412,39362
2026-01-02 09:46:12,95.54,426,40700
2026-01-02 09:46:13,95.54,384,36687
2026-01-02 09:46:14,95.54,389,37165
2026-01-02 09:46:15,95.54,387,36974
2026-01-02 09:46:16,95.54,427,40796
2026-01-02 09:46:17,95.54,419,40031
2026-01-02 09:46:18,95.54,393,37547
2026-01-02 09:46:19,95.54,360,34394
2026-01-02 09:46:20,95.54,383,36592
2026-01-02 09:46:21,95.54,361,34490
2026-01-02 09:46:22,95.54,394,37643
2026-01-02 09:46:23,95.54,371,35445
2026-01-02 09:46:24,95.54,350,33439
2026-01-02 09:46:25,95.54,374,35732
2026-01-02 09:46:26,95.54,383,36592
2026-01-02 09:46:27,95.54,408,38980
2026-01-02 09:46:28,95.54,392,37452
2026-01-02 09:46:29,95.54,365,34872
2026-01-02 09:46:30,95.54,404,38598
2026-01-02 09:46:31,95.54,390,37261
2026-01-02 09:46:32,95.54,399,38120
2026-01-02 09:46:33,95.54,409,39076
2026-01-02 09:46:34,95.54,374,35732
2026-01-02 09:46:35,95.54,364,34777
2026-01-02 09:46:36,95.54,436,41655
2026-01-02 09:46:37,95.54,400,38216
2026-01-02 09:46:38,95.54,391,37356
2026-01-02 09:46:39,95.54,395,37738
2026-01-02 09:46:40,95.54,401,38312
2026-01-02 09:46:41,95.54,359,34299
2026-01-02 09:46:42,95.54,404,38598
2026-01-02 09:46:43,95.54,452,43184
2026-01-02 09:46:44,95.54,358,34203
2026-01-02 09:46:45,95.54,398,38025
2026-01-02 09:46:46,95.54,410,39171
2026-01-02 09:46:47,95.54,407,38885
2026-01-02 09:46:48,95.54,423,40413
2026-01-02 09:46:49,95.54,406,38789
2026-01-02 09:46:50,95.54,376,35923
2026-01-02 09:46:51,95.54,415,39649
2026-01-02 09:46:52,95.54,434,41464
2026-01-02 09:46:53,95.54,400,38216
2026-01-02 09:46:54,95.54,363,34681
2026-01-02 09:46:55,95.54,411,39267
2026-01-02 09:46:56,95.54,397,37929
2026-01-02 09:46:57,95.54,386,36878
2026-01-02 09:46:58,95.54,404,38598
2026-01-02 09:46:59,95.54,401,38312
2026-01-02 09:47:00,95.54,405,38694
2026-01-02 09:47:01,95.54,364,34777
2026-01-02 09:47:02,95.54,405,38694
2026-01-02 09:47:03,95.54,401,38312
2026-01-02 09:47:04,95.54,399,38120
2026-01-02 09:47:05,95.54,367,35063
2026-01-02 09:47:06,95.54,368,35159
2026-01-02 09:47:07,95.54,399,38120
2026-01-02 09:47:08,95.54,425,40604
2026-01-02 09:47:09,95.54,435,41560
2026-01-02 09:47:10,95.54,381,36401
2026-01-02 09:47:11,95.54,376,35923
2026-01-02 09:47:12,95.54,399,38120
2026-01-02 09:47:13,95.54,386,36878
2026-01-02 09:47:14,95.54,404,38598
2026-01-02 09:47:15,95.54,365,34872
2026-01-02 09:47:16,95.54,389,37165
2026-01-02 09:47:17,95.54,395,37738
2026-01-02 09:47:18,95.54,371,35445
2026-01-02 09:47:19,95.54,365,34872
2026-01-02 09:47:20,95.54,370,35350
2026-01-02 09:47:21,95.54,392,37452
2026-01-02 09:47:22,95.54,394,37643
2026-01-02 09:47:23,95.54,389,37165
2026-01-02 09:47:24,95.54,413,39458
2026-01-02 09:47:25,95.54,372,35541
2026-01-02 09:47:26,95.54,422,40318
2026-01-02 09:47:27,95.54,408,38980
2026-01-02 09:47:28,95.54,392,37452
2026-01-02 09:47:29,95.54,390,37261
2026-01-02 09:47:30,95.54,385,36783
2026-01-02 09:47:31,95.54,388,37070
2026-01-02 09:47:32,95.54,383,36592
2026-01-02 09:47:33,95.54,404,38598
2026-01-02 09:47:34,95.54,400,38216
2026-01-02 09:47:35,95.54,385,36783
2026-01-02 09:47:36,95.54,408,38980
2026-01-02 09:47:37,95.54,378,36114
2026-01-02 09:47:38,95.54,379,36210
2026-01-02 09:47:39,95.54,394,37643
2026-01-02 09:47:40,95.54,375,35828
2026-01-02 09:47:41,95.54,413,39458
2026-01-02 09:47:42,95.54,401,38312
2026-01-02 09:47:43,95.54,379,36210
2026-01-02 09:47:44,95.54,423,40413
2026-01-02 09:47:45,95.54,384,36687
2026-01-02 09:47:46,95.54,354,33821
2026-01-02 09:47:47,95.54,416,39745
2026-01-02 09:47:48,95.54,418,39936
2026-01-02 09:47:49,95.54,382,36496
2026-01-02 09:47:50,95.54,384,36687
2026-01-02 09:47:51,95.54,390,37261
2026-01-02 09:47:52,95.54,414,39554
2026-01-02 09:47:53,95.54,371,35445
2026-01-02 09:47:54,95.54,387,36974
2026-01-02 09:47:55,95.54,383,36592
2026-01-02 09:47:56,95.54,404,38598
2026-01-02 09:47:57,95.54,384,36687
2026-01-02 09:47:58,95.54,379,36210
2026-01-02 09:47:59,95.54,400,38216
2026-01-02 09:48:00,95.54,375,35828
2026-01-02 09:48:01,95.54,384,36687
2026-01-02 09:48:02,95.54,408,38980
2026-01-02 09:48:03,95.54,394,37643
2026-01-02 09:48:04,95.54,408,38980
2026-01-02 09:48:05,95.54,416,39745
2026-01-02 09:48:06,95.54,382,36496
2026-01-02 09:48:07,95.54,385,36783
2026-01-02 09:48:08,95.54,438,41847
2026-01-02 09:48:09,95.54,352,33630
2026-01-02 09:48:10,95.54,379,36210
2026-01-02 09:48:11,95.54,378,36114
2026-01-02 09:48:12,95.54,370,35350
2026-01-02 09:48:13,95.54,404,38598
2026-01-02 09:48:14,95.54,390,37261
2026-01-02 09:48:15,95.54,398,38025
2026-01-02 09:48:16,95.54,362,34585
2026-01-02 09:48:17,95.54,406,38789
2026-01-02 09:48:18,95.54,404,38598
2026-01-02 09:48:19,95.54,388,37070
2026-01-02 09:48:20,95.54,393,37547
2026-01-02 09:48:21,95.54,397,37929
2026-01-02 09:48:22,95.54,398,38025
2026-01-02 09:48:23,95.54,441,42133
2026-01-02 09:48:24,95.54,384,36687
2026-01-02 09:48:25,95.54,398,38025
2026-01-02 09:48:26,95.54,398,38025
2026-01-02 09:48:27,95.54,383,36592
2026-01-02 09:48:28,95.54,377,36019
2026-01-02 09:48:29,95.54,401,38312
2026-01-02 09:48:30,95.54,417,39840
2026-01-02 09:48:31,95.54,346,33057
2026-01-02 09:48:32,95.54,382,36496
2026-01-02 09:48:33,95.54,392,37452
2026-01-02 09:48:34,95.54,369,35254
2026-01-02 09:48:35,95.54,396,37834
2026-01-02 09:48:36,95.54,390,37261
2026-01-02 09:48:37,95.54,367,35063
2026-01-02 09:48:38,95.54,347,33152
2026-01-02 09:48:39,95.54,409,39076
2026-01-02 09:48:40,95.54,387,36974
2026-01-02 09:48:41,95.54,371,35445
2026-01-02 09:48:42,95.54,404,38598
2026-01-02 09:48:43,95.54,392,37452
2026-01-02 09:48:44,95.54,378,36114
2026-01-02 09:48:45,95.54,386,36878
2026-01-02 09:48:46,95.54,349,33343
2026-01-02 09:48:47,95.54,412,39362
2026-01-02 09:48:48,95.54,393,37547
2026-01-02 09:48:49,95.54,357,34108
2026-01-02 09:48:50,95.54,398,38025
2026-01-02 09:48:51,95.54,385,36783
2026-01-02 09:48:52,95.54,367,35063
2026-01-02 09:48:53,95.54,415,39649
2026-01-02 09:48:54,95.54,389,37165
2026-01-02 09:48:55,95.54,415,39649
2026-01-02 09:48:56,95.54,388,37070
2026-01-02 09:48:57,95.54,366,34968
2026-01-02 09:48:58,95.54,345,32961
2026-01-02 09:48:59,95.54,355,33917
2026-01-02 09:49:00,95.54,355,33917
2026-01-02 09:49:01,95.54,382,36496
2026-01-02 09:49:02,95.54,402,38407
2026-01-02 09:49:03,95.54,400,38216
2026-01-02 09:49:04,95.54,367,35063
2026-01-02 09:49:05,95.54,426,40700
2026-01-02 09:49:06,95.54,380,36305
2026-01-02 09:49:07,95.54,352,33630
2026-01-02 09:49:08,95.54,383,36592
2026-01-02 09:49:09,95.54,354,33821
2026-01-02 09:49:10,95.54,384,36687
2026-01-02 09:49:11,95.54,377,36019
2026-01-02 09:49:12,95.54,427,40796
2026-01-02 09:49:13,95.54,382,36496
2026-01-02 09:49:14,95.54,407,38885
2026-01-02 09:49:15,95.54,406,38789
2026-01-02 09:49:16,95.54,386,36878
2026-01-02 09:49:17,95.54,406,38789
2026-01-02 09:49:18,95.54,376,35923
2026-01-02 09:49:19,95.54,374,35732
2026-01-02 09:49:20,95.54,408,38980
2026-01-02 09:49:21,95.54,397,37929
2026-01-02 09:49:22,95.54,359,34299
2026-01-02 09:49:23,95.54,362,34585
2026-01-02 09:49:24,95.54,357,34108
2026-01-02 09:49:25,95.54,371,35445
2026-01-02 09:49:26,95.54,387,36974
2026-01-02 09:49:27,95.54,373,35636
2026-01-02 09:49:28,95.54,385,36783
2026-01-02 09:49:29,95.54,377,36019
2026-01-02 09:49:30,95.54,383,36592
2026-01-02 09:49:31,95.54,348,33248
2026-01-02 09:49:32,95.54,371,35445
2026-01-02 09:49:33,95.54,372,35541
2026-01-02 09:49:34,95.54,395,37738
2026-01-02 09:49:35,95.54,380,36305
2026-01-02 09:49:36,95.54,408,38980
2026-01-02 09:49:37,95.54,389,37165
2026-01-02 09:49:38,95.54,387,36974
2026-01-02 09:49:39,95.54,383,36592
2026-01-02 09:49:40,95.54,386,36878
2026-01-02 09:49:41,95.54,386,36878
2026-01-02 09:49:42,95.54,396,37834
2026-01-02 09:49:43,95.54,367,35063
2026-01-02 09:49:44,95.54,377,36019
2026-01-02 09:49:45,95.54,384,36687
2026-01-02 09:49:46,95.54,391,37356
2026-01-02 09:49:47,95.54,383,36592
2026-01-02 09:49:48,95.54,377,36019
2026-01-02 09:49:49,95.54,410,39171
2026-01-02 09:49:50,95.54,390,37261
2026-01-02 09:49:51,95.54,355,33917
2026-01-02 09:49:52,95.54,346,33057
2026-01-02 09:49:53,95.54,368,35159
2026-01-02 09:49:54,95.54,397,37929
2026-01-02 09:49:55,95.54,356,34012
2026-01-02 09:49:56,95.54,389,37165
2026-01-02 09:49:57,95.54,377,36019
2026-01-02 09:49:58,95.54,365,34872
2026-01-02 09:49:59,95.54,386,36878
2026-01-02 09:50:00,95.54,385,36783
2026-01-02 09:50:01,95.54,393,37547
2026-01-02 09:50:02,95.54,379,36210
2026-01-02 09:50:03,95.54,350,33439
2026-01-02 09:50:04,95.54,389,37165
2026-01-02 09:50:05,95.54,384,36687
2026-01-02 09:50:06,95.54,417,39840
2026-01-02 09:50:07,95.54,341,32579
2026-01-02 09:50:08,95.54,375,35828
2026-01-02 09:50:09,95.54,328,31337
2026-01-02 09:50:10,95.54,382,36496
2026-01-02 09:50:11,95.54,389,37165
2026-01-02 09:50:12,95.54,378,36114
2026-01-02 09:50:13,95.54,370,35350
2026-01-02 09:50:14,95.54,413,39458
2026-01-02 09:50:15,95.54,404,38598
2026-01-02 09:50:16,95.54,364,34777
2026-01-02 09:50:17,95.54,398,38025
2026-01-02 09:50:18,95.54,384,36687
2026-01-02 09:50:19,95.54,367,35063
2026-01-02 09:50:20,95.54,378,36114
2026-01-02 09:50:21,95.54,376,35923
2026-01-02 09:50:22,95.54,378,36114
2026-01-02 09:50:23,95.54,371,35445
2026-01-02 09:50:24,95.54,384,36687
2026-01-02 09:50:25,95.54,364,34777
2026-01-02 09:50:26,95.54,396,37834
2026-01-02 09:50:27,95.54,378,36114
2026-01-02 09:50:28,95.54,351,33535
2026-01-02 09:50:29,95.54,367,35063
2026-01-02 09:50:30,95.54,391,37356
2026-01-02 09:50:31,95.54,407,38885
2026-01-02 09:50:32,95.54,370,35350
2026-01-02 09:50:33,95.54,424,40509
2026-01-02 09:50:34,95.54,387,36974
2026-01-02 09:50:35,95.54,400,38216
2026-01-02 09:50:36,95.54,401,38312
2026-01-02 09:50:37,95.54,386,36878
2026-01-02 09:50:38,95.54,390,37261
2026-01-02 09:50:39,95.54,398,38025
2026-01-02 09:50:40,95.54,371,35445
2026-01-02 09:50:41,95.54,375,35828
2026-01-02 09:50:42,95.54,360,34394
2026-01-02 09:50:43,95.54,343,32770
2026-01-02 09:50:44,95.54,372,35541
2026-01-02 09:50:45,95.54,336,32101
2026-01-02 09:50:46,95.54,379,36210
2026-01-02 09:50:47,95.54,385,36783
2026-01-02 09:50:48,95.54,374,35732
2026-01-02 09:50:49,95.54,371,35445
2026-01-02 09:50:50,95.54,383,36592
2026-01-02 09:50:51,95.54,407,38885
2026-01-02 09:50:52,95.54,359,34299
2026-01-02 09:50:53,95.54,372,35541
2026-01-02 09:50:54,95.54,370,35350
2026-01-02 09:50:55,95.54,398,38025
2026-01-02 09:50:56,95.54,356,34012
2026-01-02 09:50:57,95.54,374,35732
2026-01-02 09:50:58,95.54,396,37834
2026-01-02 09:50:59,95.54,378,36114
2026-01-02 09:51:00,95.54,375,35828
2026-01-02 09:51:01,95.54,386,36878
2026-01-02 09:51:02,95.54,363,34681
2026-01-02 09:51:03,95.54,406,38789
2026-01-02 09:51:04,95.54,365,34872
2026-01-02 09:51:05,95.54,398,38025
2026-01-02 09:51:06,95.54,347,33152
2026-01-02 09:51:07,95.54,380,36305
2026-01-02 09:51:08,95.54,389,37165
2026-01-02 09:51:09,95.54,386,36878
2026-01-02 09:51:10,95.54,370,35350
2026-01-02 09:51:11,95.54,381,36401
2026-01-02 09:51:12,95.54,352,33630
2026-01-02 09:51:13,95.54,395,37738
2026-01-02 09:51:14,95.54,322,30764
2026-01-02 09:51:15,95.54,398,38025
2026-01-02 09:51:16,95.54,369,35254
2026-01-02 09:51:17,95.54,395,37738
2026-01-02 09:51:18,95.54,401,38312
2026-01-02 09:51:19,95.54,348,33248
2026-01-02 09:51:20,95.54,368,35159
2026-01-02 09:51:21,95.54,338,32293
2026-01-02 09:51:22,95.54,350,33439
2026-01-02 09:51:23,95.54,403,38503
2026-01-02 09:51:24,95.54,371,35445
2026-01-02 09:51:25,95.54,391,37356
2026-01-02 09:51:26,95.54,367,35063
2026-01-02 09:51:27,95.54,383,36592
2026-01-02 09:51:28,95.54,410,39171
2026-01-02 09:51:29,95.54,396,37834
2026-01-02 09:51:30,95.54,395,37738
2026-01-02 09:51:31,95.54,376,35923
2026-01-02 09:51:32,95.54,379,36210
2026-01-02 09:51:33,95.54,423,40413
2026-01-02 09:51:34,95.54,361,34490
2026-01-02 09:51:35,95.54,393,37547
2026-01-02 09:51:36,95.54,382,36496
2026-01-02 09:51:37,95.54,389,37165
2026-01-02 09:51:38,95.54,384,36687
2026-01-02 09:51:39,95.54,396,37834
2026-01-02 09:51:40,95.54,364,34777
2026-01-02 09:51:41,95.54,387,36974
2026-01-02 09:51:42,95.54,372,35541
2026-01-02 09:51:43,95.54,404,38598
2026-01-02 09:51:44,95.54,378,36114
2026-01-02 09:51:45,95.54,386,36878
2026-01-02 09:51:46,95.54,346,33057
2026-01-02 09:51:47,95.54,353,33726
2026-01-02 09:51:48,95.54,358,34203
2026-01-02 09:51:49,95.54,361,34490
2026-01-02 09:51:50,95.54,339,32388
2026-01-02 09:51:51,95.54,358,34203
2026-01-02 09:51:52,95.54,394,37643
2026-01-02 09:51:53,95.54,380,36305
2026-01-02 09:51:54,95.54,378,36114
2026-01-02 09:51:55,95.54,341,32579
2026-01-02 09:51:56,95.54,391,37356
2026-01-02 09:51:57,95.54,371,35445
2026-01-02 09:51:58,95.54,366,34968
2026-01-02 09:51:59,95.54,348,33248
2026-01-02 09:52:00,95.54,378,36114
2026-01-02 09:52:01,95.54,386,36878
2026-01-02 09:52:02,95.54,398,38025
2026-01-02 09:52:03,95.54,341,32579
2026-01-02 09:52:04,95.54,397,37929
2026-01-02 09:52:05,95.54,384,36687
2026-01-02 09:52:06,95.54,374,35732
2026-01-02 09:52:07,95.54,390,37261
2026-01-02 09:52:08,95.54,349,33343
2026-01-02 09:52:09,95.54,352,33630
2026-01-02 09:52:10,95.54,360,34394
2026-01-02 09:52:11,95.54,372,35541
2026-01-02 09:52:12,95.54,401,38312
2026-01-02 09:52:13,95.54,369,35254
2026-01-02 09:52:14,95.54,341,32579
2026-01-02 09:52:15,95.54,352,33630
2026-01-02 09:52:16,95.54,411,39267
2026-01-02 09:52:17,95.54,354,33821
2026-01-02 09:52:18,95.54,380,36305
2026-01-02 09:52:19,95.54,386,36878
2026-01-02 09:52:20,95.54,385,36783
2026-01-02 09:52:21,95.54,370,35350
2026-01-02 09:52:22,95.54,365,34872
2026-01-02 09:52:23,95.54,329,31433
2026-01-02 09:52:24,95.54,385,36783
2026-01-02 09:52:25,95.54,382,36496
2026-01-02 09:52:26,95.54,378,36114
2026-01-02 09:52:27,95.54,377,36019
2026-01-02 09:52:28,95.54,363,34681
2026-01-02 09:52:29,95.54,397,37929
2026-01-02 09:52:30,95.54,377,36019
2026-01-02 09:52:31,95.54,368,35159
2026-01-02 09:52:32,95.54,350,33439
2026-01-02 09:52:33,95.54,355,33917
2026-01-02 09:52:34,95.54,394,37643
2026-01-02 09:52:35,95.54,320,30573
2026-01-02 09:52:36,95.54,401,38312
2026-01-02 09:52:37,95.54,375,35828
2026-01-02 09:52:38,95.54,369,35254
2026-01-02 09:52:39,95.54,368,35159
2026-01-02 09:52:40,95.54,364,34777
2026-01-02 09:52:41,95.54,358,34203
2026-01-02 09:52:42,95.54,381,36401
2026-01-02 09:52:43,95.54,368,35159
2026-01-02 09:52:44,95.54,369,35254
2026-01-02 09:52:45,95.54,332,31719
2026-01-02 09:52:46,95.54,397,37929
2026-01-02 09:52:47,95.54,376,35923
2026-01-02 09:52:48,95.54,401,38312
2026-01-02 09:52:49,95.54,397,37929
2026-01-02 09:52:50,95.54,351,33535
2026-01-02 09:52:51,95.54,357,34108
2026-01-02 09:52:52,95.54,377,36019
2026-01-02 09:52:53,95.54,352,33630
2026-01-02 09:52:54,95.54,365,34872
2026-01-02 09:52:55,95.54,352,33630
2026-01-02 09:52:56,95.54,350,33439
2026-01-02 09:52:57,95.54,377,36019
2026-01-02 09:52:58,95.54,378,36114
2026-01-02 09:52:59,95.54,372,35541
2026-01-02 09:53:00,95.54,385,36783
2026-01-02 09:53:01,95.54,397,37929
2026-01-02 09:53:02,95.54,375,35828
2026-01-02 09:53:03,95.54,381,36401
2026-01-02 09:53:04,95.54,337,32197
2026-01-02 09:53:05,95.54,381,36401
2026-01-02 09:53:06,95.54,397,37929
2026-01-02 09:53:07,95.54,380,36305
2026-01-02 09:53:08,95.54,336,32101
2026-01-02 09:53:09,95.54,347,33152
2026-01-02 09:53:10,95.54,365,34872
2026-01-02 09:53:11,95.54,382,36496
2026-01-02 09:53:12,95.54,336,32101
2026-01-02 09:53:13,95.54,348,33248
2026-01-02 09:53:14,95.54,338,32293
2026-01-02 09:53:15,95.54,356,34012
2026-01-02 09:53:16,95.54,346,33057
2026-01-02 09:53:17,95.54,390,37261
2026-01-02 09:53:18,95.54,355,33917
2026-01-02 09:53:19,95.54,423,40413
2026-01-02 09:53:20,95.54,365,34872
2026-01-02 09:53:21,95.54,361,34490
2026-01-02 09:53:22,95.54,359,34299
2026-01-02 09:53:23,95.54,388,37070
2026-01-02 09:53:24,95.54,402,38407
2026-01-02 09:53:25,95.54,354,33821
2026-01-02 09:53:26,95.54,331,31624
2026-01-02 09:53:27,95.54,325,31051
2026-01-02 09:53:28,95.54,370,35350
2026-01-02 09:53:29,95.54,384,36687
2026-01-02 09:53:30,95.54,351,33535
2026-01-02 09:53:31,95.54,369,35254
2026-01-02 09:53:32,95.54,383,36592
2026-01-02 09:53:33,95.54,377,36019
2026-01-02 09:53:34,95.54,360,34394
2026-01-02 09:53:35,95.54,325,31051
2026-01-02 09:53:36,95.54,361,34490
2026-01-02 09:53:37,95.54,363,34681
2026-01-02 09:53:38,95.54,381,36401
2026-01-02 09:53:39,95.54,393,37547
2026-01-02 09:53:40,95.54,380,36305
2026-01-02 09:53:41,95.54,406,38789
2026-01-02 09:53:42,95.54,345,32961
2026-01-02 09:53:43,95.54,379,36210
2026-01-02 09:53:44,95.54,358,34203
2026-01-02 09:53:45,95.54,339,32388
2026-01-02 09:53:46,95.54,377,36019
2026-01-02 09:53:47,95.54,393,37547
2026-01-02 09:53:48,95.54,367,35063
2026-01-02 09:53:49,95.54,355,33917
2026-01-02 09:53:50,95.54,373,35636
2026-01-02 09:53:51,95.54,362,34585
2026-01-02 09:53:52,95.54,375,35828
2026-01-02 09:53:53,95.54,374,35732
2026-01-02 09:53:54,95.54,379,36210
2026-01-02 09:53:55,95.54,365,34872
2026-01-02 09:53:56,95.54,371,35445
2026-01-02 09:53:57,95.54,383,36592
2026-01-02 09:53:58,95.54,358,34203
2026-01-02 09:53:59,95.54,367,35063
2026-01-02 09:54:00,95.54,375,35828
2026-01-02 09:54:01,95.54,363,34681
2026-01-02 09:54:02,95.54,383,36592
2026-01-02 09:54:03,95.54,361,34490
2026-01-02 09:54:04,95.54,381,36401
2026-01-02 09:54:05,95.54,371,35445
2026-01-02 09:54:06,95.54,384,36687
2026-01-02 09:54:07,95.54,358,34203
2026-01-02 09:54:08,95.54,358,34203
2026-01-02 09:54:09,95.54,380,36305
2026-01-02 09:54:10,95.54,385,36783
2026-01-02 09:54:11,95.54,391,37356
2026-01-02 09:54:12,95.54,346,33057
2026-01-02 09:54:13,95.54,379,36210
2026-01-02 09:54:14,95.54,340,32484
2026-01-02 09:54:15,95.54,376,35923
2026-01-02 09:54:16,95.54,377,36019
2026-01-02 09:54:17,95.54,364,34777
2026-01-02 09:54:18,95.54,357,34108
2026-01-02 09:54:19,95.54,364,34777
2026-01-02 09:54:20,95.54,338,32293
2026-01-02 09:54:21,95.54,391,37356
2026-01-02 09:54:22,95.54,377,36019
2026-01-02 09:54:23,95.54,330,31528
2026-01-02 09:54:24,95.54,373,35636
2026-01-02 09:54:25,95.54,366,34968
2026-01-02 09:54:26,95.54,340,32484
2026-01-02 09:54:27,95.54,351,33535
2026-01-02 09:54:28,95.54,383,36592
2026-01-02 09:54:29,95.54,362,34585
2026-01-02 09:54:30,95.54,366,34968
2026-01-02 09:54:31,95.54,383,36592
2026-01-02 09:54:32,95.54,332,31719
2026-01-02 09:54:33,95.54,362,34585
2026-01-02 09:54:34,95.54,379,36210
2026-01-02 09:54:35,95.54,370,35350
2026-01-02 09:54:36,95.54,417,39840
2026-01-02 09:54:37,95.54,364,34777
2026-01-02 09:54:38,95.54,362,34585
2026-01-02 09:54:39,95.54,353,33726
2026-01-02 09:54:40,95.54,367,35063
2026-01-02 09:54:41,95.54,319,30477
2026-01-02 09:54:42,95.54,361,34490
2026-01-02 09:54:43,95.54,369,35254
2026-01-02 09:54:44,95.54,367,35063
2026-01-02 09:54:45,95.54,344,32866
2026-01-02 09:54:46,95.54,369,35254
2026-01-02 09:54:47,95.54,356,34012
2026-01-02 09:54:48,95.54,383,36592
2026-01-02 09:54:49,95.54,379,36210
2026-01-02 09:54:50,95.54,345,32961
2026-01-02 09:54:51,95.54,360,34394
2026-01-02 09:54:52,95.54,338,32293
2026-01-02 09:54:53,95.54,346,33057
2026-01-02 09:54:54,95.54,376,35923
2026-01-02 09:54:55,95.54,370,35350
2026-01-02 09:54:56,95.54,356,34012
2026-01-02 09:54:57,95.54,358,34203
2026-01-02 09:54:58,95.54,344,32866
2026-01-02 09:54:59,95.54,363,34681
2026-01-02 09:55:00,95.54,318,30382
2026-01-02 09:55:01,95.54,381,36401
2026-01-02 09:55:02,95.54,371,35445
2026-01-02 09:55:03,95.54,364,34777
2026-01-02 09:55:04,95.54,348,33248
2026-01-02 09:55:05,95.54,375,35828
2026-01-02 09:55:06,95.54,344,32866
2026-01-02 09:55:07,95.54,360,34394
2026-01-02 09:55:08,95.54,377,36019
2026-01-02 09:55:09,95.54,366,34968
2026-01-02 09:55:10,95.54,357,34108
2026-01-02 09:55:11,95.54,388,37070
2026-01-02 09:55:12,95.54,355,33917
2026-01-02 09:55:13,95.54,361,34490
2026-01-02 09:55:14,95.54,378,36114
2026-01-02 09:55:15,95.54,363,34681
2026-01-02 09:55:16,95.54,378,36114
2026-01-02 09:55:17,95.54,370,35350
2026-01-02 09:55:18,95.54,353,33726
2026-01-02 09:55:19,95.54,366,34968
2026-01-02 09:55:20,95.54,361,34490
2026-01-02 09:55:21,95.54,369,35254
2026-01-02 09:55:22,95.54,402,38407
2026-01-02 09:55:23,95.54,363,34681
2026-01-02 09:55:24,95.54,378,36114
2026-01-02 09:55:25,95.54,351,33535
2026-01-02 09:55:26,95.54,359,34299
2026-01-02 09:55:27,95.54,349,33343
2026-01-02 09:55:28,95.54,392,37452
2026-01-02 09:55:29,95.54,339,32388
2026-01-02 09:55:30,95.54,359,34299
2026-01-02 09:55:31,95.54,356,34012
2026-01-02 09:55:32,95.54,366,34968
2026-01-02 09:55:33,95.54,338,32293
2026-01-02 09:55:34,95.54,352,33630
2026-01-02 09:55:35,95.54,345,32961
2026-01-02 09:55:36,95.54,363,34681
2026-01-02 09:55:37,95.54,367,35063
2026-01-02 09:55:38,95.54,352,33630
2026-01-02 09:55:39,95.54,379,36210
2026-01-02 09:55:40,95.54,340,32484
2026-01-02 09:55:41,95.54,371,35445
2026-01-02 09:55:42,95.54,381,36401
2026-01-02 09:55:43,95.54,351,33535
2026-01-02 09:55:44,95.54,408,38980
2026-01-02 09:55:45,95.54,381,36401
2026-01-02 09:55:46,95.54,376,35923
2026-01-02 09:55:47,95.54,391,37356
2026-01-02 09:55:48,95.54,398,38025
2026-01-02 09:55:49,95.54,335,32006
2026-01-02 09:55:50,95.54,340,32484
2026-01-02 09:55:51,95.54,355,33917
2026-01-02 09:55:52,95.54,384,36687
2026-01-02 09:55:53,95.54,347,33152
2026-01-02 09:55:54,95.54,338,32293
2026-01-02 09:55:55,95.54,388,37070
2026-01-02 09:55:56,95.54,384,36687
2026-01-02 09:55:57,95.54,341,32579
2026-01-02 09:55:58,95.54,344,32866
2026-01-02 09:55:59,95.54,372,35541
2026-01-02 09:56:00,95.54,380,36305
2026-01-02 09:56:01,95.54,390,37261
2026-01-02 09:56:02,95.54,316,30191
2026-01-02 09:56:03,95.54,362,34585
2026-01-02 09:56:04,95.54,352,33630
2026-01-02 09:56:05,95.54,337,32197
2026-01-02 09:56:06,95.54,349,33343
2026-01-02 09:56:07,95.54,366,34968
2026-01-02 09:56:08,95.54,382,36496
2026-01-02 09:56:09,95.54,318,30382
2026-01-02 09:56:10,95.54,367,35063
2026-01-02 09:56:11,95.54,369,35254
2026-01-02 09:56:12,95.54,381,36401
2026-01-02 09:56:13,95.54,350,33439
2026-01-02 09:56:14,95.54,374,35732
2026-01-02 09:56:15,95.54,351,33535
2026-01-02 09:56:16,95.54,345,32961
2026-01-02 09:56:17,95.54,318,30382
2026-01-02 09:56:18,95.54,346,33057
2026-01-02 09:56:19,95.54,348,33248
2026-01-02 09:56:20,95.54,354,33821
2026-01-02 09:56:21,95.54,326,31146
2026-01-02 09:56:22,95.54,354,33821
2026-01-02 09:56:23,95.54,351,33535
2026-01-02 09:56:24,95.54,344,32866
2026-01-02 09:56:25,95.54,413,39458
2026-01-02 09:56:26,95.54,356,34012
2026-01-02 09:56:27,95.54,360,34394
2026-01-02 09:56:28,95.54,372,35541
2026-01-02 09:56:29,95.54,367,35063
2026-01-02 09:56:30,95.54,347,33152
2026-01-02 09:56:31,95.54,347,33152
2026-01-02 09:56:32,95.54,357,34108
2026-01-02 09:56:33,95.54,385,36783
2026-01-02 09:56:34,95.54,344,32866
2026-01-02 09:56:35,95.54,388,37070
2026-01-02 09:56:36,95.54,347,33152
2026-01-02 09:56:37,95.54,364,34777
2026-01-02 09:56:38,95.54,336,32101
2026-01-02 09:56:39,95.54,360,34394
2026-01-02 09:56:40,95.54,355,33917
2026-01-02 09:56:41,95.54,356,34012
2026-01-02 09:56:42,95.54,323,30859
2026-01-02 09:56:43,95.54,351,33535
2026-01-02 09:56:44,95.54,389,37165
2026-01-02 09:56:45,95.54,346,33057
2026-01-02 09:56:46,95.54,354,33821
2026-01-02 09:56:47,95.54,340,32484
2026-01-02 09:56:48,95.54,370,35350
2026-01-02 09:56:49,95.54,373,35636
2026-01-02 09:56:50,95.54,373,35636
2026-01-02 09:56:51,95.54,350,33439
2026-01-02 09:56:52,95.54,387,36974
2026-01-02 09:56:53,95.54,321,30668
2026-01-02 09:56:54,95.54,362,34585
2026-01-02 09:56:55,95.54,336,32101
2026-01-02 09:56:56,95.54,341,32579
2026-01-02 09:56:57,95.54,357,34108
2026-01-02 09:56:58,95.54,345,32961
2026-01-02 09:56:59,95.54,347,33152
2026-01-02 09:57:00,95.54,361,34490
2026-01-02 09:57:01,95.54,354,33821
2026-01-02 09:57:02,95.54,341,32579
2026-01-02 09:57:03,95.54,354,33821
2026-01-02 09:57:04,95.54,341,32579
2026-01-02 09:57:05,95.54,358,34203
2026-01-02 09:57:06,95.54,336,32101
2026-01-02 09:57:07,95.54,358,34203
2026-01-02 09:57:08,95.54,358,34203
2026-01-02 09:57:09,95.54,364,34777
2026-01-02 09:57:10,95.54,351,33535
2026-01-02 09:57:11,95.54,363,34681
2026-01-02 09:57:12,95.54,350,33439
2026-01-02 09:57:13,95.54,347,33152
2026-01-02 09:57:14,95.54,370,35350
2026-01-02 09:57:15,95.54,372,35541
2026-01-02 09:57:16,95.54,381,36401
2026-01-02 09:57:17,95.54,333,31815
2026-01-02 09:57:18,95.54,351,33535
2026-01-02 09:57:19,95.54,369,35254
2026-01-02 09:57:20,95.54,350,33439
2026-01-02 09:57:21,95.54,342,32675
2026-01-02 09:57:22,95.54,340,32484
2026-01-02 09:57:23,95.54,339,32388
2026-01-02 09:57:24,95.54,345,32961
2026-01-02 09:57:25,95.54,363,34681
2026-01-02 09:57:26,95.54,397,37929
2026-01-02 09:57:27,95.54,362,34585
2026-01-02 09:57:28,95.54,394,37643
2026-01-02 09:57:29,95.54,382,36496
2026-01-02 09:57:30,95.54,331,31624
2026-01-02 09:57:31,95.54,370,35350
2026-01-02 09:57:32,95.54,386,36878
2026-01-02 09:57:33,95.54,334,31910
2026-01-02 09:57:34,95.54,355,33917
2026-01-02 09:57:35,95.54,386,36878
2026-01-02 09:57:36,95.54,366,34968
2026-01-02 09:57:37,95.54,343,32770
2026-01-02 09:57:38,95.54,367,35063
2026-01-02 09:57:39,95.54,366,34968
2026-01-02 09:57:40,95.54,373,35636
2026-01-02 09:57:41,95.54,342,32675
2026-01-02 09:57:42,95.54,347,33152
2026-01-02 09:57:43,95.54,345,32961
2026-01-02 09:57:44,95.54,373,35636
2026-01-02 09:57:45,95.54,358,34203
2026-01-02 09:57:46,95.54,345,32961
2026-01-02 09:57:47,95.54,336,32101
2026-01-02 09:57:48,95.54,341,32579
2026-01-02 09:57:49,95.54,393,37547
2026-01-02 09:57:50,95.54,350,33439
2026-01-02 09:57:51,95.54,362,34585
2026-01-02 09:57:52,95.54,356,34012
2026-01-02 09:57:53,95.54,350,33439
2026-01-02 09:57:54,95.54,385,36783
2026-01-02 09:57:55,95.54,334,31910
2026-01-02 09:57:56,95.54,379,36210
2026-01-02 09:57:57,95.54,385,36783
2026-01-02 09:57:58,95.54,386,36878
2026-01-02 09:57:59,95.54,340,32484
2026-01-02 09:58:00,95.54,344,32866
2026-01-02 09:58:01,95.54,342,32675
2026-01-02 09:58:02,95.54,365,34872
2026-01-02 09:58:03,95.54,349,33343
2026-01-02 09:58:04,95.54,361,34490
2026-01-02 09:58:05,95.54,353,33726
2026-01-02 09:58:06,95.54,348,33248
2026-01-02 09:58:07,95.54,351,33535
2026-01-02 09:58:08,95.54,359,34299
2026-01-02 09:58:09,95.54,320,30573
2026-01-02 09:58:10,95.54,359,34299
2026-01-02 09:58:11,95.54,346,33057
2026-01-02 09:58:12,95.54,326,31146
2026-01-02 09:58:13,95.54,342,32675
2026-01-02 09:58:14,95.54,338,32293
2026-01-02 09:58:15,95.54,341,32579
2026-01-02 09:58:16,95.54,345,32961
2026-01-02 09:58:17,95.54,363,34681
2026-01-02 09:58:18,95.54,347,33152
2026-01-02 09:58:19,95.54,353,33726
2026-01-02 09:58:20,95.54,344,32866
2026-01-02 09:58:21,95.54,333,31815
2026-01-02 09:58:22,95.54,372,35541
2026-01-02 09:58:23,95.54,361,34490
2026-01-02 09:58:24,95.54,357,34108
2026-01-02 09:58:25,95.54,395,37738
2026-01-02 09:58:26,95.54,354,33821
2026-01-02 09:58:27,95.54,352,33630
2026-01-02 09:58:28,95.54,345,32961
2026-01-02 09:58:29,95.54,365,34872
2026-01-02 09:58:30,95.54,376,35923
2026-01-02 09:58:31,95.54,341,32579
2026-01-02 09:58:32,95.54,349,33343
2026-01-02 09:58:33,95.54,379,36210
2026-01-02 09:58:34,95.54,358,34203
2026-01-02 09:58:35,95.54,326,31146
2026-01-02 09:58:36,95.54,348,33248
2026-01-02 09:58:37,95.54,350,33439
2026-01-02 09:58:38,95.54,361,34490
2026-01-02 09:58:39,95.54,331,31624
2026-01-02 09:58:40,95.54,394,37643
2026-01-02 09:58:41,95.54,382,36496
2026-01-02 09:58:42,95.54,331,31624
2026-01-02 09:58:43,95.54,327,31242
2026-01-02 09:58:44,95.54,344,32866
2026-01-02 09:58:45,95.54,305,29140
2026-01-02 09:58:46,95.54,365,34872
2026-01-02 09:58:47,95.54,313,29904
2026-01-02 09:58:48,95.54,328,31337
2026-01-02 09:58:49,95.54,356,34012
2026-01-02 09:58:50,95.54,367,35063
2026-01-02 09:58:51,95.54,383,36592
2026-01-02 09:58:52,95.54,351,33535
2026-01-02 09:58:53,95.54,351,33535
2026-01-02 09:58:54,95.54,332,31719
2026-01-02 09:58:55,95.54,336,32101
2026-01-02 09:58:56,95.54,332,31719
2026-01-02 09:58:57,95.54,312,29808
2026-01-02 09:58:58,95.54,348,33248
2026-01-02 09:58:59,95.54,368,35159
2026-01-02 09:59:00,95.54,371,35445
2026-01-02 09:59:01,95.54,363,34681
2026-01-02 09:59:02,95.54,328,31337
2026-01-02 09:59:03,95.54,356,34012
2026-01-02 09:59:04,95.54,363,34681
2026-01-02 09:59:05,95.54,354,33821
2026-01-02 09:59:06,95.54,353,33726
2026-01-02 09:59:07,95.54,354,33821
2026-01-02 09:59:08,95.54,352,33630
2026-01-02 09:59:09,95.54,345,32961
2026-01-02 09:59:10,95.54,350,33439
2026-01-02 09:59:11,95.54,342,32675
2026-01-02 09:59:12,95.54,343,32770
2026-01-02 09:59:13,95.54,348,33248
2026-01-02 09:59:14,95.54,308,29426
2026-01-02 09:59:15,95.54,341,32579
2026-01-02 09:59:16,95.54,369,35254
2026-01-02 09:59:17,95.54,355,33917
2026-01-02 09:59:18,95.54,335,32006
2026-01-02 09:59:19,95.54,346,33057
2026-01-02 09:59:20,95.54,386,36878
2026-01-02 09:59:21,95.54,359,34299
2026-01-02 09:59:22,95.54,362,34585
2026-01-02 09:59:23,95.54,342,32675
2026-01-02 09:59:24,95.54,349,33343
2026-01-02 09:59:25,95.54,376,35923
2026-01-02 09:59:26,95.54,329,31433
2026-01-02 09:59:27,95.54,331,31624
2026-01-02 09:59:28,95.54,346,33057
2026-01-02 09:59:29,95.54,335,32006
2026-01-02 09:59:30,95.54,373,35636
2026-01-02 09:59:31,95.54,361,34490
2026-01-02 09:59:32,95.54,350,33439
2026-01-02 09:59:33,95.54,336,32101
2026-01-02 09:59:34,95.54,355,33917
2026-01-02 09:59:35,95.54,338,32293
2026-01-02 09:59:36,95.54,377,36019
2026-01-02 09:59:37,95.54,352,33630
2026-01-02 09:59:38,95.54,357,34108
2026-01-02 09:59:39,95.54,348,33248
2026-01-02 09:59:40,95.54,375,35828
2026-01-02 09:59:41,95.54,325,31051
2026-01-02 09:59:42,95.54,313,29904
2026-01-02 09:59:43,95.54,335,32006
2026-01-02 09:59:44,95.54,316,30191
2026-01-02 09:59:45,95.54,330,31528
2026-01-02 09:59:46,95.54,327,31242
2026-01-02 09:59:47,95.54,333,31815
2026-01-02 09:59:48,95.54,307,29331
2026-01-02 09:59:49,95.54,367,35063
2026-01-02 09:59:50,95.54,324,30955
2026-01-02 09:59:51,95.54,361,34490
2026-01-02 09:59:52,95.54,348,33248
2026-01-02 09:59:53,95.54,349,33343
2026-01-02 09:59:54,95.54,359,34299
2026-01-02 09:59:55,95.54,347,33152
2026-01-02 09:59:56,95.54,349,33343
2026-01-02 09:59:57,95.54,342,32675
2026-01-02 09:59:58,95.54,338,32293
2026-01-02 09:59:59,95.54,319,30477
2026-01-02 10:00:00,95.54,334,31910
2026-01-02 10:00:01,95.54,303,28949
2026-01-02 10:00:02,95.54,368,35159
2026-01-02 10:00:03,95.54,330,31528
2026-01-02 10:00:04,95.54,332,31719
2026-01-02 10:00:05,95.54,344,32866
2026-01-02 10:00:06,95.54,379,36210
2026-01-02 10:00:07,95.54,338,32293
2026-01-02 10:00:08,95.54,365,34872
2026-01-02 10:00:09,95.54,319,30477
2026-01-02 10:00:10,95.54,353,33726
2026-01-02 10:00:11,95.54,332,31719
2026-01-02 10:00:12,95.54,358,34203
2026-01-02 10:00:13,95.54,366,34968
2026-01-02 10:00:14,95.54,353,33726
2026-01-02 10:00:15,95.54,339,32388
2026-01-02 10:00:16,95.54,388,37070
2026-01-02 10:00:17,95.54,350,33439
2026-01-02 10:00:18,95.54,373,35636
2026-01-02 10:00:19,95.54,360,34394
2026-01-02 10:00:20,95.54,359,34299
2026-01-02 10:00:21,95.54,307,29331
2026-01-02 10:00:22,95.54,380,36305
2026-01-02 10:00:23,95.54,311,29713
2026-01-02 10:00:24,95.54,390,37261
2026-01-02 10:00:25,95.54,337,32197
2026-01-02 10:00:26,95.54,325,31051
2026-01-02 10:00:27,95.54,337,32197
2026-01-02 10:00:28,95.54,300,28662
2026-01-02 10:00:29,95.54,347,33152
2026-01-02 10:00:30,95.54,329,31433
2026-01-02 10:00:31,95.54,352,33630
2026-01-02 10:00:32,95.54,330,31528
2026-01-02 10:00:33,95.54,341,32579
2026-01-02 10:00:34,95.54,313,29904
2026-01-02 10:00:35,95.54,331,31624
2026-01-02 10:00:36,95.54,309,29522
2026-01-02 10:00:37,95.54,329,31433
2026-01-02 10:00:38,95.54,357,34108
2026-01-02 10:00:39,95.54,356,34012
2026-01-02 10:00:40,95.54,347,33152
2026-01-02 10:00:41,95.54,339,32388
2026-01-02 10:00:42,95.54,359,34299
2026-01-02 10:00:43,95.54,346,33057
2026-01-02 10:00:44,95.54,343,32770
2026-01-02 10:00:45,95.54,353,33726
2026-01-02 10:00:46,95.54,345,32961
2026-01-02 10:00:47,95.54,350,33439
2026-01-02 10:00:48,95.54,366,34968
2026-01-02 10:00:49,95.54,322,30764
2026-01-02 10:00:50,95.54,327,31242
2026-01-02 10:00:51,95.54,347,33152
2026-01-02 10:00:52,95.54,317,30286
2026-01-02 10:00:53,95.54,354,33821
2026-01-02 10:00:54,95.54,353,33726
2026-01-02 10:00:55,95.54,330,31528
2026-01-02 10:00:56,95.54,361,34490
2026-01-02 10:00:57,95.54,328,31337
2026-01-02 10:00:58,95.54,347,33152
2026-01-02 10:00:59,95.54,322,30764
2026-01-02 10:01:00,95.54,344,32866
2026-01-02 10:01:01,95.54,331,31624
2026-01-02 10:01:02,95.54,323,30859
2026-01-02 10:01:03,95.54,324,30955
2026-01-02 10:01:04,95.54,338,32293
2026-01-02 10:01:05,95.54,339,32388
2026-01-02 10:01:06,95.54,308,29426
2026-01-02 10:01:07,95.54,391,37356
2026-01-02 10:01:08,95.54,347,33152
2026-01-02 10:01:09,95.54,387,36974
2026-01-02 10:01:10,95.54,355,33917
2026-01-02 10:01:11,95.54,328,31337
2026-01-02 10:01:12,95.54,332,31719
2026-01-02 10:01:13,95.54,338,32293
2026-01-02 10:01:14,95.54,318,30382
2026-01-02 10:01:15,95.54,339,32388
2026-01-02 10:01:16,95.54,337,32197
2026-01-02 10:01:17,95.54,342,32675
2026-01-02 10:01:18,95.54,301,28758
2026-01-02 10:01:19,95.54,370,35350
2026-01-02 10:01:20,95.54,302,28853
2026-01-02 10:01:21,95.54,363,34681
2026-01-02 10:01:22,95.54,340,32484
2026-01-02 10:01:23,95.54,362,34585
2026-01-02 10:01:24,95.54,338,32293
2026-01-02 10:01:25,95.54,317,30286
2026-01-02 10:01:26,95.54,354,33821
2026-01-02 10:01:27,95.54,335,32006
2026-01-02 10:01:28,95.54,384,36687
2026-01-02 10:01:29,95.54,318,30382
2026-01-02 10:01:30,95.54,309,29522
2026-01-02 10:01:31,95.54,356,34012
2026-01-02 10:01:32,95.54,309,29522
2026-01-02 10:01:33,95.54,349,33343
2026-01-02 10:01:34,95.54,346,33057
2026-01-02 10:01:35,95.54,327,31242
2026-01-02 10:01:36,95.54,397,37929
2026-01-02 10:01:37,95.54,330,31528
2026-01-02 10:01:38,95.54,361,34490
2026-01-02 10:01:39,95.54,341,32579
2026-01-02 10:01:40,95.54,348,33248
2026-01-02 10:01:41,95.54,347,33152
2026-01-02 10:01:42,95.54,326,31146
2026-01-02 10:01:43,95.54,342,32675
2026-01-02 10:01:44,95.54,338,32293
2026-01-02 10:01:45,95.54,351,33535
2026-01-02 10:01:46,95.54,332,31719
2026-01-02 10:01:47,95.54,338,32293
2026-01-02 10:01:48,95.54,312,29808
2026-01-02 10:01:49,95.54,330,31528
2026-01-02 10:01:50,95.54,316,30191
2026-01-02 10:01:51,95.54,312,29808
2026-01-02 10:01:52,95.54,317,30286
2026-01-02 10:01:53,95.54,359,34299
2026-01-02 10:01:54,95.54,318,30382
2026-01-02 10:01:55,95.54,344,32866
2026-01-02 10:01:56,95.54,336,32101
2026-01-02 10:01:57,95.54,344,32866
2026-01-02 10:01:58,95.54,364,34777
2026-01-02 10:01:59,95.54,372,35541
2026-01-02 10:02:00,95.54,325,31051
2026-01-02 10:02:01,95.54,318,30382
2026-01-02 10:02:02,95.54,320,30573
2026-01-02 10:02:03,95.54,348,33248
2026-01-02 10:02:04,95.54,321,30668
2026-01-02 10:02:05,95.54,325,31051
2026-01-02 10:02:06,95.54,324,30955
2026-01-02 10:02:07,95.54,316,30191
2026-01-02 10:02:08,95.54,372,35541
2026-01-02 10:02:09,95.54,335,32006
2026-01-02 10:02:10,95.54,347,33152
2026-01-02 10:02:11,95.54,327,31242
2026-01-02 10:02:12,95.54,323,30859
2026-01-02 10:02:13,95.54,342,32675
2026-01-02 10:02:14,95.54,320,30573
2026-01-02 10:02:15,95.54,386,36878
2026-01-02 10:02:16,95.54,347,33152
2026-01-02 10:02:17,95.54,340,32484
2026-01-02 10:02:18,95.54,352,33630
2026-01-02 10:02:19,95.54,326,31146
2026-01-02 10:02:20,95.54,314,30000
2026-01-02 10:02:21,95.54,338,32293
2026-01-02 10:02:22,95.54,344,32866
2026-01-02 10:02:23,95.54,332,31719
2026-01-02 10:02:24,95.54,323,30859
2026-01-02 10:02:25,95.54,312,29808
2026-01-02 10:02:26,95.54,340,32484
2026-01-02 10:02:27,95.54,311,29713
2026-01-02 10:02:28,95.54,346,33057
2026-01-02 10:02:29,95.54,313,29904
2026-01-02 10:02:30,95.54,334,31910
2026-01-02 10:02:31,95.54,337,32197
2026-01-02 10:02:32,95.54,368,35159
2026-01-02 10:02:33,95.54,331,31624
2026-01-02 10:02:34,95.54,336,32101
2026-01-02 10:02:35,95.54,352,33630
2026-01-02 10:02:36,95.54,325,31051
2026-01-02 10:02:37,95.54,374,35732
2026-01-02 10:02:38,95.54,361,34490
2026-01-02 10:02:39,95.54,307,29331
2026-01-02 10:02:40,95.54,344,32866
2026-01-02 10:02:41,95.54,331,31624
2026-01-02 10:02:42,95.54,329,31433
2026-01-02 10:02:43,95.54,330,31528
2026-01-02 10:02:44,95.54,339,32388
2026-01-02 10:02:45,95.54,306,29235
2026-01-02 10:02:46,95.54,365,34872
2026-01-02 10:02:47,95.54,317,30286
2026-01-02 10:02:48,95.54,318,30382
2026-01-02 10:02:49,95.54,341,32579
2026-01-02 10:02:50,95.54,364,34777
2026-01-02 10:02:51,95.54,330,31528
2026-01-02 10:02:52,95.54,350,33439
2026-01-02 10:02:53,95.54,354,33821
2026-01-02 10:02:54,95.54,355,33917
2026-01-02 10:02:55,95.54,314,30000
2026-01-02 10:02:56,95.54,358,34203
2026-01-02 10:02:57,95.54,349,33343
2026-01-02 10:02:58,95.54,352,33630
2026-01-02 10:02:59,95.54,345,32961
2026-01-02 10:03:00,95.54,334,31910
2026-01-02 10:03:01,95.54,290,27707
2026-01-02 10:03:02,95.54,369,35254
2026-01-02 10:03:03,95.54,354,33821
2026-01-02 10:03:04,95.54,335,32006
2026-01-02 10:03:05,95.54,352,33630
2026-01-02 10:03:06,95.54,336,32101
2026-01-02 10:03:07,95.54,351,33535
2026-01-02 10:03:08,95.54,358,34203
2026-01-02 10:03:09,95.54,340,32484
2026-01-02 10:03:10,95.54,319,30477
2026-01-02 10:03:11,95.54,331,31624
2026-01-02 10:03:12,95.54,348,33248
2026-01-02 10:03:13,95.54,347,33152
2026-01-02 10:03:14,95.54,349,33343
2026-01-02 10:03:15,95.54,339,32388
2026-01-02 10:03:16,95.54,337,32197
2026-01-02 10:03:17,95.54,291,27802
2026-01-02 10:03:18,95.54,337,32197
2026-01-02 10:03:19,95.54,305,29140
2026-01-02 10:03:20,95.54,310,29617
2026-01-02 10:03:21,95.54,291,27802
2026-01-02 10:03:22,95.54,333,31815
2026-01-02 10:03:23,95.54,332,31719
2026-01-02 10:03:24,95.54,327,31242
2026-01-02 10:03:25,95.54,333,31815
2026-01-02 10:03:26,95.54,317,30286
2026-01-02 10:03:27,95.54,317,30286
2026-01-02 10:03:28,95.54,335,32006
2026-01-02 10:03:29,95.54,315,30095
2026-01-02 10:03:30,95.54,346,33057
2026-01-02 10:03:31,95.54,350,33439
2026-01-02 10:03:32,95.54,327,31242
2026-01-02 10:03:33,95.54,352,33630
2026-01-02 10:03:34,95.54,360,34394
2026-01-02 10:03:35,95.54,311,29713
2026-01-02 10:03:36,95.54,332,31719
2026-01-02 10:03:37,95.54,358,34203
2026-01-02 10:03:38,95.54,363,34681
2026-01-02 10:03:39,95.54,312,29808
2026-01-02 10:03:40,95.54,322,30764
2026-01-02 10:03:41,95.54,324,30955
2026-01-02 10:03:42,95.54,343,32770
2026-01-02 10:03:43,95.54,347,33152
2026-01-02 10:03:44,95.54,335,32006
2026-01-02 10:03:45,95.54,345,32961
2026-01-02 10:03:46,95.54,337,32197
2026-01-02 10:03:47,95.54,351,33535
2026-01-02 10:03:48,95.54,318,30382
2026-01-02 10:03:49,95.54,378,36114
2026-01-02 10:03:50,95.54,311,29713
2026-01-02 10:03:51,95.54,341,32579
2026-01-02 10:03:52,95.54,319,30477
2026-01-02 10:03:53,95.54,333,31815
2026-01-02 10:03:54,95.54,327,31242
2026-01-02 10:03:55,95.54,325,31051
2026-01-02 10:03:56,95.54,341,32579
2026-01-02 10:03:57,95.54,333,31815
2026-01-02 10:03:58,95.54,362,34585
2026-01-02 10:03:59,95.54,349,33343
2026-01-02 10:04:00,95.54,354,33821
2026-01-02 10:04:01,95.54,317,30286
2026-01-02 10:04:02,95.54,347,33152
2026-01-02 10:04:03,95.54,335,32006
2026-01-02 10:04:04,95.54,327,31242
2026-01-02 10:04:05,95.54,303,28949
2026-01-02 10:04:06,95.54,331,31624
2026-01-02 10:04:07,95.54,325,31051
2026-01-02 10:04:08,95.54,360,34394
2026-01-02 10:04:09,95.54,335,32006
2026-01-02 10:04:10,95.54,330,31528
2026-01-02 10:04:11,95.54,317,30286
2026-01-02 10:04:12,95.54,301,28758
2026-01-02 10:04:13,95.54,343,32770
2026-01-02 10:04:14,95.54,298,28471
2026-01-02 10:04:15,95.54,334,31910
2026-01-02 10:04:16,95.54,346,33057
2026-01-02 10:04:17,95.54,348,33248
2026-01-02 10:04:18,95.54,320,30573
2026-01-02 10:04:19,95.54,298,28471
2026-01-02 10:04:20,95.54,336,32101
2026-01-02 10:04:21,95.54,328,31337
2026-01-02 10:04:22,95.54,295,28184
2026-01-02 10:04:23,95.54,332,31719
2026-01-02 10:04:24,95.54,342,32675
2026-01-02 10:04:25,95.54,319,30477
2026-01-02 10:04:26,95.54,318,30382
2026-01-02 10:04:27,95.54,343,32770
2026-01-02 10:04:28,95.54,305,29140
2026-01-02 10:04:29,95.54,312,29808
2026-01-02 10:04:30,95.54,354,33821
2026-01-02 10:04:31,95.54,322,30764
2026-01-02 10:04:32,95.54,305,29140
2026-01-02 10:04:33,95.54,350,33439
2026-01-02 10:04:34,95.54,322,30764
2026-01-02 10:04:35,95.54,324,30955
2026-01-02 10:04:36,95.54,285,27229
2026-01-02 10:04:37,95.54,324,30955
2026-01-02 10:04:38,95.54,308,29426
2026-01-02 10:04:39,95.54,351,33535
2026-01-02 10:04:40,95.54,310,29617
2026-01-02 10:04:41,95.54,337,32197
2026-01-02 10:04:42,95.54,321,30668
2026-01-02 10:04:43,95.54,340,32484
2026-01-02 10:04:44,95.54,307,29331
2026-01-02 10:04:45,95.54,324,30955
2026-01-02 10:04:46,95.54,314,30000
2026-01-02 10:04:47,95.54,322,30764
2026-01-02 10:04:48,95.54,354,33821
2026-01-02 10:04:49,95.54,342,32675
2026-01-02 10:04:50,95.54,355,33917
2026-01-02 10:04:51,95.54,313,29904
2026-01-02 10:04:52,95.54,337,32197
2026-01-02 10:04:53,95.54,319,30477
2026-01-02 10:04:54,95.54,329,31433
2026-01-02 10:04:55,95.54,304,29044
2026-01-02 10:04:56,95.54,340,32484
2026-01-02 10:04:57,95.54,311,29713
2026-01-02 10:04:58,95.54,339,32388
2026-01-02 10:04:59,95.54,310,29617
2026-01-02 10:05:00,95.54,298,28471
2026-01-02 10:05:01,95.54,310,29617
2026-01-02 10:05:02,95.54,355,33917
2026-01-02 10:05:03,95.54,333,31815
2026-01-02 10:05:04,95.54,297,28375
2026-01-02 10:05:05,95.54,304,29044
2026-01-02 10:05:06,95.54,304,29044
2026-01-02 10:05:07,95.54,325,31051
2026-01-02 10:05:08,95.54,316,30191
2026-01-02 10:05:09,95.54,301,28758
2026-01-02 10:05:10,95.54,321,30668
2026-01-02 10:05:11,95.54,281,26847
2026-01-02 10:05:12,95.54,312,29808
2026-01-02 10:05:13,95.54,312,29808
2026-01-02 10:05:14,95.54,335,32006
2026-01-02 10:05:15,95.54,329,31433
2026-01-02 10:05:16,95.54,308,29426
2026-01-02 10:05:17,95.54,303,28949
2026-01-02 10:05:18,95.54,359,34299
2026-01-02 10:05:19,95.54,302,28853
2026-01-02 10:05:20,95.54,371,35445
2026-01-02 10:05:21,95.54,314,30000
2026-01-02 10:05:22,95.54,341,32579
2026-01-02 10:05:23,95.54,322,30764
2026-01-02 10:05:24,95.54,337,32197
2026-01-02 10:05:25,95.54,343,32770
2026-01-02 10:05:26,95.54,329,31433
2026-01-02 10:05:27,95.54,302,28853
2026-01-02 10:05:28,95.54,305,29140
2026-01-02 10:05:29,95.54,329,31433
2026-01-02 10:05:30,95.54,342,32675
2026-01-02 10:05:31,95.54,319,30477
2026-01-02 10:05:32,95.54,361,34490
2026-01-02 10:05:33,95.54,331,31624
2026-01-02 10:05:34,95.54,326,31146
2026-01-02 10:05:35,95.54,344,32866
2026-01-02 10:05:36,95.54,332,31719
2026-01-02 10:05:37,95.54,304,29044
2026-01-02 10:05:38,95.54,311,29713
2026-01-02 10:05:39,95.54,325,31051
2026-01-02 10:05:40,95.54,321,30668
2026-01-02 10:05:41,95.54,329,31433
2026-01-02 10:05:42,95.54,314,30000
2026-01-02 10:05:43,95.54,365,34872
2026-01-02 10:05:44,95.54,311,29713
2026-01-02 10:05:45,95.54,364,34777
2026-01-02 10:05:46,95.54,341,32579
2026-01-02 10:05:47,95.54,346,33057
2026-01-02 10:05:48,95.54,304,29044
2026-01-02 10:05:49,95.54,326,31146
2026-01-02 10:05:50,95.54,340,32484
2026-01-02 10:05:51,95.54,337,32197
2026-01-02 10:05:52,95.54,342,32675
2026-01-02 10:05:53,95.54,323,30859
2026-01-02 10:05:54,95.54,342,32675
2026-01-02 10:05:55,95.54,322,30764
2026-01-02 10:05:56,95.54,361,34490
2026-01-02 10:05:57,95.54,309,29522
2026-01-02 10:05:58,95.54,304,29044
2026-01-02 10:05:59,95.54,331,31624
2026-01-02 10:06:00,95.54,330,31528
2026-01-02 10:06:01,95.54,341,32579
2026-01-02 10:06:02,95.54,298,28471
2026-01-02 10:06:03,95.54,343,32770
2026-01-02 10:06:04,95.54,338,32293
2026-01-02 10:06:05,95.54,315,30095
2026-01-02 10:06:06,95.54,313,29904
2026-01-02 10:06:07,95.54,352,33630
2026-01-02 10:06:08,95.54,349,33343
2026-01-02 10:06:09,95.54,358,34203
2026-01-02 10:06:10,95.54,305,29140
2026-01-02 10:06:11,95.54,332,31719
2026-01-02 10:06:12,95.54,326,31146
2026-01-02 10:06:13,95.54,319,30477
2026-01-02 10:06:14,95.54,300,28662
2026-01-02 10:06:15,95.54,333,31815
2026-01-02 10:06:16,95.54,322,30764
2026-01-02 10:06:17,95.54,335,32006
2026-01-02 10:06:18,95.54,328,31337
2026-01-02 10:06:19,95.54,337,32197
2026-01-02 10:06:20,95.54,330,31528
2026-01-02 10:06:21,95.54,323,30859
2026-01-02 10:06:22,95.54,333,31815
2026-01-02 10:06:23,95.54,352,33630
2026-01-02 10:06:24,95.54,314,30000
2026-01-02 10:06:25,95.54,339,32388
2026-01-02 10:06:26,95.54,328,31337
2026-01-02 10:06:27,95.54,325,31051
2026-01-02 10:06:28,95.54,330,31528
2026-01-02 10:06:29,95.54,319,30477
2026-01-02 10:06:30,95.54,340,32484
2026-01-02 10:06:31,95.54,322,30764
2026-01-02 10:06:32,95.54,344,32866
2026-01-02 10:06:33,95.54,326,31146
2026-01-02 10:06:34,95.54,366,34968
2026-01-02 10:06:35,95.54,300,28662
2026-01-02 10:06:36,95.54,291,27802
2026-01-02 10:06:37,95.54,326,31146
2026-01-02 10:06:38,95.54,352,33630
2026-01-02 10:06:39,95.54,353,33726
2026-01-02 10:06:40,95.54,293,27993
2026-01-02 10:06:41,95.54,310,29617
2026-01-02 10:06:42,95.54,337,32197
2026-01-02 10:06:43,95.54,308,29426
2026-01-02 10:06:44,95.54,346,33057
2026-01-02 10:06:45,95.54,324,30955
2026-01-02 10:06:46,95.54,319,30477
2026-01-02 10:06:47,95.54,335,32006
2026-01-02 10:06:48,95.54,357,34108
2026-01-02 10:06:49,95.54,335,32006
2026-01-02 10:06:50,95.54,350,33439
2026-01-02 10:06:51,95.54,362,34585
2026-01-02 10:06:52,95.54,292,27898
2026-01-02 10:06:53,95.54,321,30668
2026-01-02 10:06:54,95.54,331,31624
2026-01-02 10:06:55,95.54,355,33917
2026-01-02 10:06:56,95.54,306,29235
2026-01-02 10:06:57,95.54,320,30573
2026-01-02 10:06:58,95.54,317,30286
2026-01-02 10:06:59,95.54,316,30191
2026-01-02 10:07:00,95.54,312,29808
2026-01-02 10:07:01,95.54,309,29522
2026-01-02 10:07:02,95.54,348,33248
2026-01-02 10:07:03,95.54,301,28758
2026-01-02 10:07:04,95.54,312,29808
2026-01-02 10:07:05,95.54,340,32484
2026-01-02 10:07:06,95.54,308,29426
2026-01-02 10:07:07,95.54,341,32579
2026-01-02 10:07:08,95.54,325,31051
2026-01-02 10:07:09,95.54,326,31146
2026-01-02 10:07:10,95.54,309,29522
2026-01-02 10:07:11,95.54,319,30477
2026-01-02 10:07:12,95.54,332,31719
2026-01-02 10:07:13,95.54,331,31624
2026-01-02 10:07:14,95.54,335,32006
2026-01-02 10:07:15,95.54,346,33057
2026-01-02 10:07:16,95.54,326,31146
2026-01-02 10:07:17,95.54,329,31433
2026-01-02 10:07:18,95.54,314,30000
2026-01-02 10:07:19,95.54,320,30573
2026-01-02 10:07:20,95.54,331,31624
2026-01-02 10:07:21,95.54,327,31242
2026-01-02 10:07:22,95.54,332,31719
2026-01-02 10:07:23,95.54,331,31624
2026-01-02 10:07:24,95.54,339,32388
2026-01-02 10:07:25,95.54,342,32675
2026-01-02 10:07:26,95.54,359,34299
2026-01-02 10:07:27,95.54,322,30764
2026-01-02 10:07:28,95.54,322,30764
2026-01-02 10:07:29,95.54,319,30477
2026-01-02 10:07:30,95.54,335,32006
2026-01-02 10:07:31,95.54,288,27516
2026-01-02 10:07:32,95.54,332,31719
2026-01-02 10:07:33,95.54,316,30191
2026-01-02 10:07:34,95.54,306,29235
2026-01-02 10:07:35,95.54,309,29522
2026-01-02 10:07:36,95.54,306,29235
2026-01-02 10:07:37,95.54,321,30668
2026-01-02 10:07:38,95.54,319,30477
2026-01-02 10:07:39,95.54,307,29331
2026-01-02 10:07:40,95.54,339,32388
2026-01-02 10:07:41,95.54,323,30859
2026-01-02 10:07:42,95.54,329,31433
2026-01-02 10:07:43,95.54,313,29904
2026-01-02 10:07:44,95.54,315,30095
2026-01-02 10:07:45,95.54,326,31146
2026-01-02 10:07:46,95.54,319,30477
2026-01-02 10:07:47,95.54,317,30286
2026-01-02 10:07:48,95.54,330,31528
2026-01-02 10:07:49,95.54,341,32579
2026-01-02 10:07:50,95.54,321,30668
2026-01-02 10:07:51,95.54,317,30286
2026-01-02 10:07:52,95.54,296,28280
2026-01-02 10:07:53,95.54,318,30382
2026-01-02 10:07:54,95.54,303,28949
2026-01-02 10:07:55,95.54,308,29426
2026-01-02 10:07:56,95.54,305,29140
2026-01-02 10:07:57,95.54,303,28949
2026-01-02 10:07:58,95.54,327,31242
2026-01-02 10:07:59,95.54,301,28758
2026-01-02 10:08:00,95.54,356,34012
2026-01-02 10:08:01,95.54,328,31337
2026-01-02 10:08:02,95.54,307,29331
2026-01-02 10:08:03,95.54,351,33535
2026-01-02 10:08:04,95.54,287,27420
2026-01-02 10:08:05,95.54,346,33057
2026-01-02 10:08:06,95.54,308,29426
2026-01-02 10:08:07,95.54,316,30191
2026-01-02 10:08:08,95.54,332,31719
2026-01-02 10:08:09,95.54,322,30764
2026-01-02 10:08:10,95.54,306,29235
2026-01-02 10:08:11,95.54,320,30573
2026-01-02 10:08:12,95.54,310,29617
2026-01-02 10:08:13,95.54,296,28280
2026-01-02 10:08:14,95.54,319,30477
2026-01-02 10:08:15,95.54,293,27993
2026-01-02 10:08:16,95.54,315,30095
2026-01-02 10:08:17,95.54,344,32866
2026-01-02 10:08:18,95.54,319,30477
2026-01-02 10:08:19,95.54,318,30382
2026-01-02 10:08:20,95.54,296,28280
2026-01-02 10:08:21,95.54,278,26560
2026-01-02 10:08:22,95.54,313,29904
2026-01-02 10:08:23,95.54,320,30573
2026-01-02 10:08:24,95.54,287,27420
2026-01-02 10:08:25,95.54,319,30477
2026-01-02 10:08:26,95.54,336,32101
2026-01-02 10:08:27,95.54,308,29426
2026-01-02 10:08:28,95.54,331,31624
2026-01-02 10:08:29,95.54,334,31910
2026-01-02 10:08:30,95.54,323,30859
2026-01-02 10:08:31,95.54,333,31815
2026-01-02 10:08:32,95.54,314,30000
2026-01-02 10:08:33,95.54,335,32006
2026-01-02 10:08:34,95.54,308,29426
2026-01-02 10:08:35,95.54,327,31242
2026-01-02 10:08:36,95.54,307,29331
2026-01-02 10:08:37,95.54,339,32388
2026-01-02 10:08:38,95.54,313,29904
2026-01-02 10:08:39,95.54,317,30286
2026-01-02 10:08:40,95.54,319,30477
2026-01-02 10:08:41,95.54,309,29522
2026-01-02 10:08:42,95.54,324,30955
2026-01-02 10:08:43,95.54,318,30382
2026-01-02 10:08:44,95.54,317,30286
2026-01-02 10:08:45,95.54,326,31146
2026-01-02 10:08:46,95.54,327,31242
2026-01-02 10:08:47,95.54,327,31242
2026-01-02 10:08:48,95.54,323,30859
2026-01-02 10:08:49,95.54,332,31719
2026-01-02 10:08:50,95.54,314,30000
2026-01-02 10:08:51,95.54,343,32770
2026-01-02 10:08:52,95.54,307,29331
2026-01-02 10:08:53,95.54,309,29522
2026-01-02 10:08:54,95.54,313,29904
2026-01-02 10:08:55,95.54,309,29522
2026-01-02 10:08:56,95.54,316,30191
2026-01-02 10:08:57,95.54,295,28184
2026-01-02 10:08:58,95.54,323,30859
2026-01-02 10:08:59,95.54,299,28566
2026-01-02 10:09:00,95.54,300,28662
2026-01-02 10:09:01,95.54,304,29044
2026-01-02 10:09:02,95.54,303,28949
2026-01-02 10:09:03,95.54,337,32197
2026-01-02 10:09:04,95.54,305,29140
2026-01-02 10:09:05,95.54,287,27420
2026-01-02 10:09:06,95.54,272,25987
2026-01-02 10:09:07,95.54,304,29044
2026-01-02 10:09:08,95.54,278,26560
2026-01-02 10:09:09,95.54,342,32675
2026-01-02 10:09:10,95.54,342,32675
2026-01-02 10:09:11,95.54,325,31051
2026-01-02 10:09:12,95.54,313,29904
2026-01-02 10:09:13,95.54,306,29235
2026-01-02 10:09:14,95.54,330,31528
2026-01-02 10:09:15,95.54,308,29426
2026-01-02 10:09:16,95.54,307,29331
2026-01-02 10:09:17,95.54,303,28949
2026-01-02 10:09:18,95.54,315,30095
2026-01-02 10:09:19,95.54,315,30095
2026-01-02 10:09:20,95.54,321,30668
2026-01-02 10:09:21,95.54,344,32866
2026-01-02 10:09:22,95.54,312,29808
2026-01-02 10:09:23,95.54,341,32579
2026-01-02 10:09:24,95.54,341,32579
2026-01-02 10:09:25,95.54,297,28375
2026-01-02 10:09:26,95.54,300,28662
2026-01-02 10:09:27,95.54,313,29904
2026-01-02 10:09:28,95.54,335,32006
2026-01-02 10:09:29,95.54,326,31146
2026-01-02 10:09:30,95.54,337,32197
2026-01-02 10:09:31,95.54,287,27420
2026-01-02 10:09:32,95.54,303,28949
2026-01-02 10:09:33,95.54,285,27229
2026-01-02 10:09:34,95.54,330,31528
2026-01-02 10:09:35,95.54,332,31719
2026-01-02 10:09:36,95.54,343,32770
2026-01-02 10:09:37,95.54,277,26465
2026-01-02 10:09:38,95.54,300,28662
2026-01-02 10:09:39,95.54,306,29235
2026-01-02 10:09:40,95.54,315,30095
2026-01-02 10:09:41,95.54,312,29808
2026-01-02 10:09:42,95.54,307,29331
2026-01-02 10:09:43,95.54,309,29522
2026-01-02 10:09:44,95.54,305,29140
2026-01-02 10:09:45,95.54,291,27802
2026-01-02 10:09:46,95.54,319,30477
2026-01-02 10:09:47,95.54,321,30668
2026-01-02 10:09:48,95.54,309,29522
2026-01-02 10:09:49,95.54,315,30095
2026-01-02 10:09:50,95.54,319,30477
2026-01-02 10:09:51,95.54,307,29331
2026-01-02 10:09:52,95.54,301,28758
2026-01-02 10:09:53,95.54,282,26942
2026-01-02 10:09:54,95.54,328,31337
2026-01-02 10:09:55,95.54,292,27898
2026-01-02 10:09:56,95.54,335,32006
2026-01-02 10:09:57,95.54,321,30668
2026-01-02 10:09:58,95.54,308,29426
2026-01-02 10:09:59,95.54,282,26942
2026-01-02 10:10:00,95.54,293,27993
2026-01-02 10:10:01,95.54,323,30859
2026-01-02 10:10:02,95.54,298,28471
2026-01-02 10:10:03,95.54,320,30573
2026-01-02 10:10:04,95.54,308,29426
2026-01-02 10:10:05,95.54,339,32388
2026-01-02 10:10:06,95.54,301,28758
2026-01-02 10:10:07,95.54,286,27324
2026-01-02 10:10:08,95.54,301,28758
2026-01-02 10:10:09,95.54,317,30286
2026-01-02 10:10:10,95.54,284,27133
2026-01-02 10:10:11,95.54,325,31051
2026-01-02 10:10:12,95.54,339,32388
2026-01-02 10:10:13,95.54,322,30764
2026-01-02 10:10:14,95.54,338,32293
2026-01-02 10:10:15,95.54,328,31337
2026-01-02 10:10:16,95.54,326,31146
2026-01-02 10:10:17,95.54,337,32197
2026-01-02 10:10:18,95.54,313,29904
2026-01-02 10:10:19,95.54,304,29044
2026-01-02 10:10:20,95.54,315,30095
2026-01-02 10:10:21,95.54,309,29522
2026-01-02 10:10:22,95.54,286,27324
2026-01-02 10:10:23,95.54,296,28280
2026-01-02 10:10:24,95.54,325,31051
2026-01-02 10:10:25,95.54,315,30095
2026-01-02 10:10:26,95.54,326,31146
2026-01-02 10:10:27,95.54,300,28662
2026-01-02 10:10:28,95.54,318,30382
2026-01-02 10:10:29,95.54,282,26942
2026-01-02 10:10:30,95.54,342,32675
2026-01-02 10:10:31,95.54,318,30382
2026-01-02 10:10:32,95.54,306,29235
2026-01-02 10:10:33,95.54,288,27516
2026-01-02 10:10:34,95.54,288,27516
2026-01-02 10:10:35,95.54,298,28471
2026-01-02 10:10:36,95.54,312,29808
2026-01-02 10:10:37,95.54,314,30000
2026-01-02 10:10:38,95.54,314,30000
2026-01-02 10:10:39,95.54,309,29522
2026-01-02 10:10:40,95.54,284,27133
2026-01-02 10:10:41,95.54,290,27707
2026-01-02 10:10:42,95.54,323,30859
2026-01-02 10:10:43,95.54,320,30573
2026-01-02 10:10:44,95.54,320,30573
2026-01-02 10:10:45,95.54,343,32770
2026-01-02 10:10:46,95.54,326,31146
2026-01-02 10:10:47,95.54,311,29713
2026-01-02 10:10:48,95.54,316,30191
2026-01-02 10:10:49,95.54,325,31051
2026-01-02 10:10:50,95.54,315,30095
2026-01-02 10:10:51,95.54,317,30286
2026-01-02 10:10:52,95.54,314,30000
2026-01-02 10:10:53,95.54,322,30764
2026-01-02 10:10:54,95.54,285,27229
2026-01-02 10:10:55,95.54,304,29044
2026-01-02 10:10:56,95.54,302,28853
2026-01-02 10:10:57,95.54,316,30191
2026-01-02 10:10:58,95.54,308,29426
2026-01-02 10:10:59,95.54,304,29044
2026-01-02 10:11:00,95.54,304,29044
2026-01-02 10:11:01,95.54,319,30477
2026-01-02 10:11:02,95.54,299,28566
2026-01-02 10:11:03,95.54,293,27993
2026-01-02 10:11:04,95.54,325,31051
2026-01-02 10:11:05,95.54,329,31433
2026-01-02 10:11:06,95.54,327,31242
2026-01-02 10:11:07,95.54,290,27707
2026-01-02 10:11:08,95.54,280,26751
2026-01-02 10:11:09,95.54,323,30859
2026-01-02 10:11:10,95.54,305,29140
2026-01-02 10:11:11,95.54,323,30859
2026-01-02 10:11:12,95.54,307,29331
2026-01-02 10:11:13,95.54,287,27420
2026-01-02 10:11:14,95.54,312,29808
2026-01-02 10:11:15,95.54,311,29713
2026-01-02 10:11:16,95.54,299,28566
2026-01-02 10:11:17,95.54,316,30191
2026-01-02 10:11:18,95.54,302,28853
2026-01-02 10:11:19,95.54,301,28758
2026-01-02 10:11:20,95.54,324,30955
2026-01-02 10:11:21,95.54,294,28089
2026-01-02 10:11:22,95.54,330,31528
2026-01-02 10:11:23,95.54,327,31242
2026-01-02 10:11:24,95.54,303,28949
2026-01-02 10:11:25,95.54,281,26847
2026-01-02 10:11:26,95.54,312,29808
2026-01-02 10:11:27,95.54,333,31815
2026-01-02 10:11:28,95.54,285,27229
2026-01-02 10:11:29,95.54,310,29617
2026-01-02 10:11:30,95.54,341,32579
2026-01-02 10:11:31,95.54,303,28949
2026-01-02 10:11:32,95.54,340,32484
2026-01-02 10:11:33,95.54,317,30286
2026-01-02 10:11:34,95.54,314,30000
2026-01-02 10:11:35,95.54,280,26751
2026-01-02 10:11:36,95.54,277,26465
2026-01-02 10:11:37,95.54,315,30095
2026-01-02 10:11:38,95.54,287,27420
2026-01-02 10:11:39,95.54,298,28471
2026-01-02 10:11:40,95.54,327,31242
2026-01-02 10:11:41,95.54,324,30955
2026-01-02 10:11:42,95.54,302,28853
2026-01-02 10:11:43,95.54,292,27898
2026-01-02 10:11:44,95.54,310,29617
2026-01-02 10:11:45,95.54,268,25605
2026-01-02 10:11:46,95.54,309,29522
2026-01-02 10:11:47,95.54,318,30382
2026-01-02 10:11:48,95.54,317,30286
2026-01-02 10:11:49,95.54,325,31051
2026-01-02 10:11:50,95.54,302,28853
2026-01-02 10:11:51,95.54,301,28758
2026-01-02 10:11:52,95.54,311,29713
2026-01-02 10:11:53,95.54,305,29140
2026-01-02 10:11:54,95.54,314,30000
2026-01-02 10:11:55,95.54,296,28280
2026-01-02 10:11:56,95.54,321,30668
2026-01-02 10:11:57,95.54,314,30000
2026-01-02 10:11:58,95.54,300,28662
2026-01-02 10:11:59,95.54,324,30955
2026-01-02 10:12:00,95.54,328,31337
2026-01-02 10:12:01,95.54,295,28184
2026-01-02 10:12:02,95.54,329,31433
2026-01-02 10:12:03,95.54,291,27802
2026-01-02 10:12:04,95.54,312,29808
2026-01-02 10:12:05,95.54,317,30286
2026-01-02 10:12:06,95.54,309,29522
2026-01-02 10:12:07,95.54,300,28662
2026-01-02 10:12:08,95.54,308,29426
2026-01-02 10:12:09,95.54,313,29904
2026-01-02 10:12:10,95.54,329,31433
2026-01-02 10:12:11,95.54,313,29904
2026-01-02 10:12:12,95.54,282,26942
2026-01-02 10:12:13,95.54,297,28375
2026-01-02 10:12:14,95.54,302,28853
2026-01-02 10:12:15,95.54,282,26942
2026-01-02 10:12:16,95.54,307,29331
2026-01-02 10:12:17,95.54,311,29713
2026-01-02 10:12:18,95.54,290,27707
2026-01-02 10:12:19,95.54,353,33726
2026-01-02 10:12:20,95.54,298,28471
2026-01-02 10:12:21,95.54,318,30382
2026-01-02 10:12:22,95.54,314,30000
2026-01-02 10:12:23,95.54,282,26942
2026-01-02 10:12:24,95.54,326,31146
2026-01-02 10:12:25,95.54,298,28471
2026-01-02 10:12:26,95.54,295,28184
2026-01-02 10:12:27,95.54,317,30286
2026-01-02 10:12:28,95.54,308,29426
2026-01-02 10:12:29,95.54,320,30573
2026-01-02 10:12:30,95.54,291,27802
2026-01-02 10:12:31,95.54,309,29522
2026-01-02 10:12:32,95.54,322,30764
2026-01-02 10:12:33,95.54,294,28089
2026-01-02 10:12:34,95.54,277,26465
2026-01-02 10:12:35,95.54,295,28184
2026-01-02 10:12:36,95.54,300,28662
2026-01-02 10:12:37,95.54,332,31719
2026-01-02 10:12:38,95.54,291,27802
2026-01-02 10:12:39,95.54,308,29426
2026-01-02 10:12:40,95.54,264,25223
2026-01-02 10:12:41,95.54,320,30573
2026-01-02 10:12:42,95.54,329,31433
2026-01-02 10:12:43,95.54,293,27993
2026-01-02 10:12:44,95.54,313,29904
2026-01-02 10:12:45,95.54,288,27516
2026-01-02 10:12:46,95.54,294,28089
2026-01-02 10:12:47,95.54,281,26847
2026-01-02 10:12:48,95.54,265,25318
2026-01-02 10:12:49,95.54,300,28662
2026-01-02 10:12:50,95.54,290,27707
2026-01-02 10:12:51,95.54,275,26274
2026-01-02 10:12:52,95.54,298,28471
2026-01-02 10:12:53,95.54,306,29235
2026-01-02 10:12:54,95.54,310,29617
2026-01-02 10:12:55,95.54,324,30955
2026-01-02 10:12:56,95.54,306,29235
2026-01-02 10:12:57,95.54,359,34299
2026-01-02 10:12:58,95.54,307,29331
2026-01-02 10:12:59,95.54,305,29140
2026-01-02 10:13:00,95.54,289,27611
2026-01-02 10:13:01,95.54,282,26942
2026-01-02 10:13:02,95.54,288,27516
2026-01-02 10:13:03,95.54,316,30191
2026-01-02 10:13:04,95.54,312,29808
2026-01-02 10:13:05,95.54,279,26656
2026-01-02 10:13:06,95.54,328,31337
2026-01-02 10:13:07,95.54,294,28089
2026-01-02 10:13:08,95.54,315,30095
2026-01-02 10:13:09,95.54,331,31624
2026-01-02 10:13:10,95.54,312,29808
2026-01-02 10:13:11,95.54,275,26274
2026-01-02 10:13:12,95.54,283,27038
2026-01-02 10:13:13,95.54,270,25796
2026-01-02 10:13:14,95.54,298,28471
2026-01-02 10:13:15,95.54,301,28758
2026-01-02 10:13:16,95.54,292,27898
2026-01-02 10:13:17,95.54,308,29426
2026-01-02 10:13:18,95.54,280,26751
2026-01-02 10:13:19,95.54,276,26369
2026-01-02 10:13:20,95.54,303,28949
2026-01-02 10:13:21,95.54,297,28375
2026-01-02 10:13:22,95.54,303,28949
2026-01-02 10:13:23,95.54,301,28758
2026-01-02 10:13:24,95.54,282,26942
2026-01-02 10:13:25,95.54,302,28853
2026-01-02 10:13:26,95.54,276,26369
2026-01-02 10:13:27,95.54,258,24649
2026-01-02 10:13:28,95.54,321,30668
2026-01-02 10:13:29,95.54,315,30095
2026-01-02 10:13:30,95.54,313,29904
2026-01-02 10:13:31,95.54,301,28758
2026-01-02 10:13:32,95.54,291,27802
2026-01-02 10:13:33,95.54,298,28471
2026-01-02 10:13:34,95.54,307,29331
2026-01-02 10:13:35,95.54,294,28089
2026-01-02 10:13:36,95.54,312,29808
2026-01-02 10:13:37,95.54,343,32770
2026-01-02 10:13:38,95.54,312,29808
2026-01-02 10:13:39,95.54,293,27993
2026-01-02 10:13:40,95.54,286,27324
2026-01-02 10:13:41,95.54,290,27707
2026-01-02 10:13:42,95.54,320,30573
2026-01-02 10:13:43,95.54,283,27038
2026-01-02 10:13:44,95.54,305,29140
2026-01-02 10:13:45,95.54,338,32293
2026-01-02 10:13:46,95.54,322,30764
2026-01-02 10:13:47,95.54,290,27707
2026-01-02 10:13:48,95.54,290,27707
2026-01-02 10:13:49,95.54,324,30955
2026-01-02 10:13:50,95.54,306,29235
2026-01-02 10:13:51,95.54,289,27611
2026-01-02 10:13:52,95.54,284,27133
2026-01-02 10:13:53,95.54,298,28471
2026-01-02 10:13:54,95.54,290,27707
2026-01-02 10:13:55,95.54,281,26847
2026-01-02 10:13:56,95.54,313,29904
2026-01-02 10:13:57,95.54,309,29522
2026-01-02 10:13:58,95.54,320,30573
2026-01-02 10:13:59,95.54,294,28089
2026-01-02 10:14:00,95.54,272,25987
2026-01-02 10:14:01,95.54,296,28280
2026-01-02 10:14:02,95.54,296,28280
2026-01-02 10:14:03,95.54,299,28566
2026-01-02 10:14:04,95.54,329,31433
2026-01-02 10:14:05,95.54,319,30477
2026-01-02 10:14:06,95.54,290,27707
2026-01-02 10:14:07,95.54,286,27324
2026-01-02 10:14:08,95.54,327,31242
2026-01-02 10:14:09,95.54,311,29713
2026-01-02 10:14:10,95.54,277,26465
2026-01-02 10:14:11,95.54,321,30668
2026-01-02 10:14:12,95.54,278,26560
2026-01-02 10:14:13,95.54,305,29140
2026-01-02 10:14:14,95.54,302,28853
2026-01-02 10:14:15,95.54,287,27420
2026-01-02 10:14:16,95.54,286,27324
2026-01-02 10:14:17,95.54,304,29044
2026-01-02 10:14:18,95.54,298,28471
2026-01-02 10:14:19,95.54,278,26560
2026-01-02 10:14:20,95.54,286,27324
2026-01-02 10:14:21,95.54,308,29426
2026-01-02 10:14:22,95.54,320,30573
2026-01-02 10:14:23,95.54,318,30382
2026-01-02 10:14:24,95.54,296,28280
2026-01-02 10:14:25,95.54,348,33248
2026-01-02 10:14:26,95.54,290,27707
2026-01-02 10:14:27,95.54,314,30000
2026-01-02 10:14:28,95.54,323,30859
2026-01-02 10:14:29,95.54,280,26751
2026-01-02 10:14:30,95.54,277,26465
2026-01-02 10:14:31,95.54,278,26560
2026-01-02 10:14:32,95.54,313,29904
2026-01-02 10:14:33,95.54,282,26942
2026-01-02 10:14:34,95.54,305,29140
2026-01-02 10:14:35,95.54,302,28853
2026-01-02 10:14:36,95.54,277,26465
2026-01-02 10:14:37,95.54,302,28853
2026-01-02 10:14:38,95.54,313,29904
2026-01-02 10:14:39,95.54,313,29904
2026-01-02 10:14:40,95.54,297,28375
2026-01-02 10:14:41,95.54,327,31242
2026-01-02 10:14:42,95.54,279,26656
2026-01-02 10:14:43,95.54,300,28662
2026-01-02 10:14:44,95.54,323,30859
2026-01-02 10:14:45,95.54,323,30859
2026-01-02 10:14:46,95.54,283,27038
2026-01-02 10:14:47,95.54,309,29522
2026-01-02 10:14:48,95.54,280,26751
2026-01-02 10:14:49,95.54,313,29904
2026-01-02 10:14:50,95.54,315,30095
2026-01-02 10:14:51,95.54,299,28566
2026-01-02 10:14:52,95.54,293,27993
2026-01-02 10:14:53,95.54,284,27133
2026-01-02 10:14:54,95.54,286,27324
2026-01-02 10:14:55,95.54,289,27611
2026-01-02 10:14:56,95.54,294,28089
2026-01-02 10:14:57,95.54,299,28566
2026-01-02 10:14:58,95.54,311,29713
2026-01-02 10:14:59,95.54,322,30764
2026-01-02 10:15:00,95.54,292,27898
2026-01-02 10:15:01,95.54,310,29617
2026-01-02 10:15:02,95.54,305,29140
2026-01-02 10:15:03,95.54,304,29044
2026-01-02 10:15:04,95.54,303,28949
2026-01-02 10:15:05,95.54,283,27038
2026-01-02 10:15:06,95.54,312,29808
2026-01-02 10:15:07,95.54,289,27611
2026-01-02 10:15:08,95.54,310,29617
2026-01-02 10:15:09,95.54,291,27802
2026-01-02 10:15:10,95.54,300,28662
2026-01-02 10:15:11,95.54,294,28089
2026-01-02 10:15:12,95.54,301,28758
2026-01-02 10:15:13,95.54,280,26751
2026-01-02 10:15:14,95.54,283,27038
2026-01-02 10:15:15,95.54,287,27420
2026-01-02 10:15:16,95.54,315,30095
2026-01-02 10:15:17,95.54,302,28853
2026-01-02 10:15:18,95.54,284,27133
2026-01-02 10:15:19,95.54,307,29331
2026-01-02 10:15:20,95.54,297,28375
2026-01-02 10:15:21,95.54,260,24840
2026-01-02 10:15:22,95.54,291,27802
2026-01-02 10:15:23,95.54,295,28184
2026-01-02 10:15:24,95.54,295,28184
2026-01-02 10:15:25,95.54,334,31910
2026-01-02 10:15:26,95.54,294,28089
2026-01-02 10:15:27,95.54,277,26465
2026-01-02 10:15:28,95.54,297,28375
2026-01-02 10:15:29,95.54,270,25796
2026-01-02 10:15:30,95.54,277,26465
2026-01-02 10:15:31,95.54,291,27802
2026-01-02 10:15:32,95.54,278,26560
2026-01-02 10:15:33,95.54,278,26560
2026-01-02 10:15:34,95.54,305,29140
2026-01-02 10:15:35,95.54,302,28853
2026-01-02 10:15:36,95.54,315,30095
2026-01-02 10:15:37,95.54,336,32101
2026-01-02 10:15:38,95.54,295,28184
2026-01-02 10:15:39,95.54,309,29522
2026-01-02 10:15:40,95.54,299,28566
2026-01-02 10:15:41,95.54,315,30095
2026-01-02 10:15:42,95.54,297,28375
2026-01-02 10:15:43,95.54,289,27611
2026-01-02 10:15:44,95.54,280,26751
2026-01-02 10:15:45,95.54,297,28375
2026-01-02 10:15:46,95.54,315,30095
2026-01-02 10:15:47,95.54,280,26751
2026-01-02 10:15:48,95.54,319,30477
2026-01-02 10:15:49,95.54,281,26847
2026-01-02 10:15:50,95.54,330,31528
2026-01-02 10:15:51,95.54,273,26082
2026-01-02 10:15:52,95.54,323,30859
2026-01-02 10:15:53,95.54,295,28184
2026-01-02 10:15:54,95.54,310,29617
2026-01-02 10:15:55,95.54,293,27993
2026-01-02 10:15:56,95.54,300,28662
2026-01-02 10:15:57,95.54,309,29522
2026-01-02 10:15:58,95.54,319,30477
2026-01-02 10:15:59,95.54,277,26465
2026-01-02 10:16:00,95.54,286,27324
2026-01-02 10:16:01,95.54,268,25605
2026-01-02 10:16:02,95.54,331,31624
2026-01-02 10:16:03,95.54,264,25223
2026-01-02 10:16:04,95.54,268,25605
2026-01-02 10:16:05,95.54,305,29140
2026-01-02 10:16:06,95.54,296,28280
2026-01-02 10:16:07,95.54,306,29235
2026-01-02 10:16:08,95.54,283,27038
2026-01-02 10:16:09,95.54,305,29140
2026-01-02 10:16:10,95.54,296,28280
2026-01-02 10:16:11,95.54,301,28758
2026-01-02 10:16:12,95.54,290,27707
2026-01-02 10:16:13,95.54,281,26847
2026-01-02 10:16:14,95.54,311,29713
2026-01-02 10:16:15,95.54,257,24554
