timestamp,price,volume,amount
2026-01-02 09:30:00,53.75,316,16985
2026-01-02 09:30:01,53.60,295,15812
2026-01-02 09:30:02,53.86,324,17451
2026-01-02 09:30:03,53.99,355,19166
2026-01-02 09:30:04,53.99,330,17817
2026-01-02 09:30:05,53.99,314,16953
2026-01-02 09:30:06,53.99,307,16575
2026-01-02 09:30:07,53.99,295,15927
2026-01-02 09:30:08,53.97,339,18296
2026-01-02 09:30:09,53.99,322,17385
2026-01-02 09:30:10,53.99,317,17115
2026-01-02 09:30:11,53.99,302,16305
2026-01-02 09:30:12,53.99,345,18627
2026-01-02 09:30:13,53.99,311,16791
2026-01-02 09:30:14,53.99,297,16035
2026-01-02 09:30:15,53.99,307,16575
2026-01-02 09:30:16,53.99,345,18627
2026-01-02 09:30:17,53.99,327,17655
2026-01-02 09:30:18,53.99,341,18411
2026-01-02 09:30:19,53.99,313,16899
2026-01-02 09:30:20,53.99,319,17223
2026-01-02 09:30:21,53.99,357,19274
2026-01-02 09:30:22,53.99,322,17385
2026-01-02 09:30:23,53.99,335,18087
2026-01-02 09:30:24,53.99,303,16359
2026-01-02 09:30:25,53.99,309,16683
2026-01-02 09:30:26,53.99,324,17493
2026-01-02 09:30:27,53.99,324,17493
2026-01-02 09:30:28,53.99,334,18033
2026-01-02 09:30:29,53.99,304,16413
2026-01-02 09:30:30,53.99,339,18303
2026-01-02 09:30:31,53.99,293,15819
2026-01-02 09:30:32,53.99,320,17277
2026-01-02 09:30:33,53.99,325,17547
2026-01-02 09:30:34,53.99,321,17331
2026-01-02 09:30:35,53.99,307,16575
2026-01-02 09:30:36,53.99,317,17115
2026-01-02 09:30:37,53.99,334,18033
2026-01-02 09:30:38,53.99,302,16305
2026-01-02 09:30:39,53.99,317,17115
2026-01-02 09:30:40,53.99,331,17871
2026-01-02 09:30:41,53.99,321,17331
2026-01-02 09:30:42,53.99,338,18249
2026-01-02 09:30:43,53.99,350,18896
2026-01-02 09:30:44,53.99,315,17007
2026-01-02 09:30:45,53.99,302,16305
2026-01-02 09:30:46,53.97,331,17864
2026-01-02 09:30:47,53.99,283,15279
2026-01-02 09:30:48,53.99,266,14361
2026-01-02 09:30:49,53.99,265,14307
2026-01-02 09:30:50,53.99,332,17925
2026-01-02 09:30:51,53.99,333,17979
2026-01-02 09:30:52,53.99,323,17439
2026-01-02 09:30:53,53.99,304,16413
2026-01-02 09:30:54,53.99,312,16845
2026-01-02 09:30:55,53.99,335,18087
2026-01-02 09:30:56,53.99,313,16899
2026-01-02 09:30:57,53.99,300,16197
2026-01-02 09:30:58,53.99,313,16899
2026-01-02 09:30:59,53.99,325,17547
2026-01-02 09:31:00,53.99,320,17277
2026-01-02 09:31:01,53.99,315,17007
2026-01-02 09:31:02,53.99,351,18950
2026-01-02 09:31:03,53.99,315,17007
2026-01-02 09:31:04,53.99,323,17439
2026-01-02 09:31:05,53.99,323,17439
2026-01-02 09:31:06,53.99,326,17601
2026-01-02 09:31:07,53.99,332,17925
2026-01-02 09:31:08,53.99,323,17439
2026-01-02 09:31:09,53.99,316,17061
2026-01-02 09:31:10,53.84,291,15667
2026-01-02 09:31:11,53.99,310,16737
2026-01-02 09:31:12,53.99,324,17493
2026-01-02 09:31:13,53.67,305,16369
2026-01-02 09:31:14,53.82,287,15446
2026-01-02 09:31:15,53.76,317,17042
2026-01-02 09:31:16,53.95,354,19098
2026-01-02 09:31:17,53.94,312,16829
2026-01-02 09:31:18,53.60,299,16026
2026-01-02 09:31:19,53.92,339,18279
2026-01-02 09:31:20,53.70,313,16808
2026-01-02 09:31:21,53.67,344,18462
2026-01-02 09:31:22,53.70,309,16593
2026-01-02 09:31:23,53.70,312,16754
2026-01-02 09:31:24,53.72,303,16277
2026-01-02 09:31:25,53.71,311,16704
2026-01-02 09:31:26,53.44,311,16620
2026-01-02 09:31:27,53.53,297,15898
2026-01-02 09:31:28,53.90,316,17032
2026-01-02 09:31:29,53.99,354,19112
2026-01-02 09:31:30,53.99,307,16575
2026-01-02 09:31:31,53.99,324,17493
2026-01-02 09:31:32,53.99,289,15603
2026-01-02 09:31:33,53.99,303,16359
2026-01-02 09:31:34,53.99,322,17385
2026-01-02 09:31:35,53.98,310,16734
2026-01-02 09:31:36,53.93,298,16071
2026-01-02 09:31:37,53.99,337,18195
2026-01-02 09:31:38,53.95,343,18505
2026-01-02 09:31:39,53.96,311,16782
2026-01-02 09:31:40,53.99,341,18411
2026-01-02 09:31:41,53.99,319,17223
2026-01-02 09:31:42,53.99,314,16953
2026-01-02 09:31:43,53.99,328,17709
2026-01-02 09:31:44,53.99,319,17223
2026-01-02 09:31:45,53.99,266,14361
2026-01-02 09:31:46,53.99,333,17979
2026-01-02 09:31:47,53.99,342,18465
2026-01-02 09:31:48,53.99,314,16953
2026-01-02 09:31:49,53.99,301,16251
2026-01-02 09:31:50,53.99,320,17277
2026-01-02 09:31:51,53.99,287,15495
2026-01-02 09:31:52,53.99,326,17601
2026-01-02 09:31:53,53.99,311,16791
2026-01-02 09:31:54,53.99,314,16953
2026-01-02 09:31:55,53.99,327,17655
2026-01-02 09:31:56,53.99,321,17331
2026-01-02 09:31:57,53.99,284,15333
2026-01-02 09:31:58,53.99,291,15711
2026-01-02 09:31:59,53.99,286,15441
2026-01-02 09:32:00,53.99,320,17277
2026-01-02 09:32:01,53.99,291,15711
2026-01-02 09:32:02,53.99,292,15765
2026-01-02 09:32:03,53.99,264,14253
2026-01-02 09:32:04,53.99,316,17061
2026-01-02 09:32:05,53.99,323,17439
2026-01-02 09:32:06,53.99,274,14793
2026-01-02 09:32:07,53.99,311,16791
2026-01-02 09:32:08,53.99,320,17277
2026-01-02 09:32:09,53.99,300,16197
2026-01-02 09:32:10,53.99,297,16035
2026-01-02 09:32:11,53.79,337,18127
2026-01-02 09:32:12,53.86,315,16966
2026-01-02 09:32:13,53.71,305,16382
2026-01-02 09:32:14,53.58,345,18485
2026-01-02 09:32:15,53.16,334,17755
2026-01-02 09:32:16,53.16,322,17118
2026-01-02 09:32:17,53.16,326,17330
2026-01-02 09:32:18,53.16,280,14885
2026-01-02 09:32:19,53.35,320,17072
2026-01-02 09:32:20,53.35,332,17712
2026-01-02 09:32:21,53.16,293,15576
2026-01-02 09:32:22,53.16,302,16054
2026-01-02 09:32:23,53.16,329,17490
2026-01-02 09:32:24,53.33,315,16799
2026-01-02 09:32:25,53.27,296,15768
2026-01-02 09:32:26,53.46,302,16145
2026-01-02 09:32:27,53.50,337,18030
2026-01-02 09:32:28,53.47,304,16255
2026-01-02 09:32:29,53.57,303,16232
2026-01-02 09:32:30,53.54,283,15152
2026-01-02 09:32:31,53.47,295,15774
2026-01-02 09:32:32,53.96,324,17483
2026-01-02 09:32:33,53.68,308,16533
2026-01-02 09:32:34,53.56,279,14943
2026-01-02 09:32:35,53.39,307,16391
2026-01-02 09:32:36,53.16,286,15204
2026-01-02 09:32:37,53.16,331,17596
2026-01-02 09:32:38,53.16,317,16852
2026-01-02 09:32:39,53.16,316,16799
2026-01-02 09:32:40,53.23,312,16608
2026-01-02 09:32:41,53.16,324,17224
2026-01-02 09:32:42,53.16,315,16745
2026-01-02 09:32:43,53.16,325,17277
2026-01-02 09:32:44,53.16,313,16639
2026-01-02 09:32:45,53.16,306,16267
2026-01-02 09:32:46,53.16,315,16745
2026-01-02 09:32:47,53.16,309,16426
2026-01-02 09:32:48,53.16,300,15948
2026-01-02 09:32:49,53.16,323,17171
2026-01-02 09:32:50,53.16,331,17596
2026-01-02 09:32:51,53.16,326,17330
2026-01-02 09:32:52,53.16,300,15948
2026-01-02 09:32:53,53.16,305,16214
2026-01-02 09:32:54,53.16,333,17702
2026-01-02 09:32:55,53.16,334,17755
2026-01-02 09:32:56,53.16,282,14991
2026-01-02 09:32:57,53.16,329,17490
2026-01-02 09:32:58,53.16,313,16639
2026-01-02 09:32:59,53.16,307,16320
2026-01-02 09:33:00,53.16,285,15151
2026-01-02 09:33:01,53.16,299,15895
2026-01-02 09:33:02,53.16,284,15097
2026-01-02 09:33:03,53.16,319,16958
2026-01-02 09:33:04,53.16,309,16426
2026-01-02 09:33:05,53.16,297,15789
2026-01-02 09:33:06,53.16,306,16267
2026-01-02 09:33:07,53.16,309,16426
2026-01-02 09:33:08,53.16,301,16001
2026-01-02 09:33:09,53.20,284,15109
2026-01-02 09:33:10,53.41,297,15863
2026-01-02 09:33:11,53.27,315,16780
2026-01-02 09:33:12,53.47,306,16362
2026-01-02 09:33:13,53.63,302,16196
2026-01-02 09:33:14,53.56,298,15961
2026-01-02 09:33:15,53.29,305,16253
2026-01-02 09:33:16,53.34,313,16695
2026-01-02 09:33:17,53.21,279,14846
2026-01-02 09:33:18,53.23,289,15383
2026-01-02 09:33:19,53.22,302,16072
2026-01-02 09:33:20,53.16,295,15682
2026-01-02 09:33:21,53.16,302,16054
2026-01-02 09:33:22,53.16,314,16692
2026-01-02 09:33:23,53.16,275,14619
2026-01-02 09:33:24,53.16,308,16373
2026-01-02 09:33:25,53.16,295,15682
2026-01-02 09:33:26,53.16,303,16107
2026-01-02 09:33:27,53.16,305,16214
2026-01-02 09:33:28,53.16,296,15735
2026-01-02 09:33:29,53.16,313,16639
2026-01-02 09:33:30,53.16,284,15097
2026-01-02 09:33:31,53.16,335,17809
2026-01-02 09:33:32,53.16,276,14672
2026-01-02 09:33:33,53.16,315,16745
2026-01-02 09:33:34,53.18,311,16539
2026-01-02 09:33:35,53.16,307,16320
2026-01-02 09:33:36,53.32,278,14823
2026-01-02 09:33:37,53.20,309,16439
2026-01-02 09:33:38,53.54,325,17400
2026-01-02 09:33:39,53.31,323,17219
2026-01-02 09:33:40,53.27,313,16674
2026-01-02 09:33:41,53.29,313,16680
2026-01-02 09:33:42,53.41,299,15970
2026-01-02 09:33:43,53.38,326,17402
2026-01-02 09:33:44,53.37,317,16918
2026-01-02 09:33:45,53.60,302,16187
2026-01-02 09:33:46,53.44,310,16566
2026-01-02 09:33:47,53.46,286,15290
2026-01-02 09:33:48,53.85,308,16586
2026-01-02 09:33:49,53.68,312,16748
2026-01-02 09:33:50,53.77,278,14948
2026-01-02 09:33:51,53.76,297,15967
2026-01-02 09:33:52,53.90,317,17086
2026-01-02 09:33:53,53.74,324,17412
2026-01-02 09:33:54,53.87,330,17777
2026-01-02 09:33:55,53.81,289,15551
2026-01-02 09:33:56,53.90,299,16116
2026-01-02 09:33:57,53.92,303,16338
2026-01-02 09:33:58,53.99,313,16899
2026-01-02 09:33:59,53.99,277,14955
2026-01-02 09:34:00,53.99,319,17223
2026-01-02 09:34:01,53.99,290,15657
2026-01-02 09:34:02,53.99,311,16791
2026-01-02 09:34:03,53.99,273,14739
2026-01-02 09:34:04,53.99,299,16143
2026-01-02 09:34:05,53.99,280,15117
2026-01-02 09:34:06,53.99,291,15711
2026-01-02 09:34:07,53.99,301,16251
2026-01-02 09:34:08,53.99,308,16629
2026-01-02 09:34:09,53.99,308,16629
2026-01-02 09:34:10,53.99,336,18141
2026-01-02 09:34:11,53.99,290,15657
2026-01-02 09:34:12,53.99,303,16359
2026-01-02 09:34:13,53.99,291,15711
2026-01-02 09:34:14,53.99,303,16359
2026-01-02 09:34:15,53.99,304,16413
2026-01-02 09:34:16,53.99,290,15657
2026-01-02 09:34:17,53.99,324,17493
2026-01-02 09:34:18,53.99,304,16413
2026-01-02 09:34:19,53.99,306,16521
2026-01-02 09:34:20,53.99,284,15333
2026-01-02 09:34:21,53.99,308,16629
2026-01-02 09:34:22,53.99,300,16197
2026-01-02 09:34:23,53.99,311,16791
2026-01-02 09:34:24,53.99,323,17439
2026-01-02 09:34:25,53.99,307,16575
2026-01-02 09:34:26,53.99,292,15765
2026-01-02 09:34:27,53.99,304,16413
2026-01-02 09:34:28,53.99,331,17871
2026-01-02 09:34:29,53.99,302,16305
2026-01-02 09:34:30,53.99,303,16359
2026-01-02 09:34:31,53.99,325,17547
2026-01-02 09:34:32,53.99,318,17169
2026-01-02 09:34:33,53.99,269,14523
2026-01-02 09:34:34,53.99,359,19382
2026-01-02 09:34:35,53.99,296,15981
2026-01-02 09:34:36,53.99,305,16467
2026-01-02 09:34:37,53.99,285,15387
2026-01-02 09:34:38,53.99,306,16521
2026-01-02 09:34:39,53.99,295,15927
2026-01-02 09:34:40,53.99,288,15549
2026-01-02 09:34:41,53.99,294,15873
2026-01-02 09:34:42,53.99,296,15981
2026-01-02 09:34:43,53.99,318,17169
2026-01-02 09:34:44,53.99,305,16467
2026-01-02 09:34:45,53.99,284,15333
2026-01-02 09:34:46,53.99,277,14955
2026-01-02 09:34:47,53.99,301,16251
2026-01-02 09:34:48,53.99,296,15981
2026-01-02 09:34:49,53.99,299,16143
2026-01-02 09:34:50,53.99,319,17223
2026-01-02 09:34:51,53.99,300,16197
2026-01-02 09:34:52,53.99,320,17277
2026-01-02 09:34:53,53.99,276,14901
2026-01-02 09:34:54,53.99,302,16305
2026-01-02 09:34:55,53.99,287,15495
2026-01-02 09:34:56,53.99,323,17439
2026-01-02 09:34:57,53.99,286,15441
2026-01-02 09:34:58,53.99,303,16359
2026-01-02 09:34:59,53.99,329,17763
2026-01-02 09:35:00,53.99,307,16575
2026-01-02 09:35:01,53.99,329,17763
2026-01-02 09:35:02,53.99,310,16737
2026-01-02 09:35:03,53.99,261,14091
2026-01-02 09:35:04,53.99,280,15117
2026-01-02 09:35:05,53.99,295,15927
2026-01-02 09:35:06,53.99,294,15873
2026-01-02 09:35:07,53.99,284,15333
2026-01-02 09:35:08,53.99,299,16143
2026-01-02 09:35:09,53.99,293,15819
2026-01-02 09:35:10,53.99,309,16683
2026-01-02 09:35:11,53.99,340,18357
2026-01-02 09:35:12,53.99,311,16791
2026-01-02 09:35:13,53.99,310,16737
2026-01-02 09:35:14,53.99,292,15765
2026-01-02 09:35:15,53.99,300,16197
2026-01-02 09:35:16,53.99,275,14847
2026-01-02 09:35:17,53.99,297,16035
2026-01-02 09:35:18,53.99,325,17547
2026-01-02 09:35:19,53.99,302,16305
2026-01-02 09:35:20,53.99,320,17277
2026-01-02 09:35:21,53.99,303,16359
2026-01-02 09:35:22,53.99,302,16305
2026-01-02 09:35:23,53.99,301,16251
2026-01-02 09:35:24,53.99,303,16359
2026-01-02 09:35:25,53.99,275,14847
2026-01-02 09:35:26,53.99,294,15873
2026-01-02 09:35:27,53.99,270,14577
2026-01-02 09:35:28,53.99,286,15441
2026-01-02 09:35:29,53.99,318,17169
2026-01-02 09:35:30,53.99,319,17223
2026-01-02 09:35:31,53.99,299,16143
2026-01-02 09:35:32,53.99,315,17007
2026-01-02 09:35:33,53.99,311,16791
2026-01-02 09:35:34,53.99,321,17331
2026-01-02 09:35:35,53.99,273,14739
2026-01-02 09:35:36,53.99,303,16359
2026-01-02 09:35:37,53.99,299,16143
2026-01-02 09:35:38,53.99,289,15603
2026-01-02 09:35:39,53.99,296,15981
2026-01-02 09:35:40,53.99,292,15765
2026-01-02 09:35:41,53.99,281,15171
2026-01-02 09:35:42,53.99,305,16467
2026-01-02 09:35:43,53.99,321,17331
2026-01-02 09:35:44,53.99,292,15765
2026-01-02 09:35:45,53.99,295,15927
2026-01-02 09:35:46,53.99,305,16467
2026-01-02 09:35:47,53.99,289,15603
2026-01-02 09:35:48,53.99,281,15171
2026-01-02 09:35:49,53.99,313,16899
2026-01-02 09:35:50,53.99,296,15981
2026-01-02 09:35:51,53.99,308,16629
2026-01-02 09:35:52,53.99,328,17709
2026-01-02 09:35:53,53.99,307,16575
2026-01-02 09:35:54,53.99,286,15441
2026-01-02 09:35:55,53.99,308,16629
2026-01-02 09:35:56,53.99,308,16629
2026-01-02 09:35:57,53.99,296,15981
2026-01-02 09:35:58,53.99,293,15819
2026-01-02 09:35:59,53.99,287,15495
2026-01-02 09:36:00,53.99,286,15441
2026-01-02 09:36:01,53.99,313,16899
2026-01-02 09:36:02,53.99,271,14631
2026-01-02 09:36:03,53.99,321,17331
2026-01-02 09:36:04,53.99,301,16251
2026-01-02 09:36:05,53.99,284,15333
2026-01-02 09:36:06,53.99,269,14523
2026-01-02 09:36:07,53.99,281,15171
2026-01-02 09:36:08,53.99,294,15873
2026-01-02 09:36:09,53.99,277,14955
2026-01-02 09:36:10,53.99,300,16197
2026-01-02 09:36:11,53.99,277,14955
2026-01-02 09:36:12,53.99,273,14739
2026-01-02 09:36:13,53.99,271,14631
2026-01-02 09:36:14,53.99,284,15333
2026-01-02 09:36:15,53.99,319,17223
2026-01-02 09:36:16,53.99,297,16035
2026-01-02 09:36:17,53.99,325,17547
2026-01-02 09:36:18,53.99,283,15279
2026-01-02 09:36:19,53.99,313,16899
2026-01-02 09:36:20,53.99,269,14523
2026-01-02 09:36:21,53.99,313,16899
2026-01-02 09:36:22,53.99,320,17277
2026-01-02 09:36:23,53.99,283,15279
2026-01-02 09:36:24,53.99,317,17115
2026-01-02 09:36:25,53.99,299,16143
2026-01-02 09:36:26,53.99,271,14631
2026-01-02 09:36:27,53.99,310,16737
2026-01-02 09:36:28,53.99,293,15819
2026-01-02 09:36:29,53.99,308,16629
2026-01-02 09:36:30,53.99,268,14469
2026-01-02 09:36:31,53.99,280,15117
2026-01-02 09:36:32,53.99,302,16305
2026-01-02 09:36:33,53.99,315,17007
2026-01-02 09:36:34,53.99,285,15387
2026-01-02 09:36:35,53.99,291,15711
2026-01-02 09:36:36,53.99,297,16035
2026-01-02 09:36:37,53.99,284,15333
2026-01-02 09:36:38,53.99,270,14577
2026-01-02 09:36:39,53.99,315,17007
2026-01-02 09:36:40,53.99,272,14685
2026-01-02 09:36:41,53.99,297,16035
2026-01-02 09:36:42,53.99,274,14793
2026-01-02 09:36:43,53.99,271,14631
2026-01-02 09:36:44,53.99,280,15117
2026-01-02 09:36:45,53.99,301,16251
2026-01-02 09:36:46,53.99,292,15765
2026-01-02 09:36:47,53.99,295,15927
2026-01-02 09:36:48,53.99,278,15009
2026-01-02 09:36:49,53.99,286,15441
2026-01-02 09:36:50,53.99,321,17331
2026-01-02 09:36:51,53.99,330,17817
2026-01-02 09:36:52,53.99,350,18896
2026-01-02 09:36:53,53.99,303,16359
2026-01-02 09:36:54,53.99,270,14577
2026-01-02 09:36:55,53.99,311,16791
2026-01-02 09:36:56,53.99,282,15225
2026-01-02 09:36:57,53.99,291,15711
2026-01-02 09:36:58,53.99,288,15549
2026-01-02 09:36:59,53.99,293,15819
2026-01-02 09:37:00,53.99,292,15765
2026-01-02 09:37:01,53.99,295,15927
2026-01-02 09:37:02,53.99,299,16143
2026-01-02 09:37:03,53.99,298,16089
2026-01-02 09:37:04,53.99,308,16629
2026-01-02 09:37:05,53.99,288,15549
2026-01-02 09:37:06,53.99,277,14955
2026-01-02 09:37:07,53.99,290,15657
2026-01-02 09:37:08,53.99,304,16413
2026-01-02 09:37:09,53.99,291,15711
2026-01-02 09:37:10,53.99,351,18950
2026-01-02 09:37:11,53.99,298,16089
2026-01-02 09:37:12,53.99,298,16089
2026-01-02 09:37:13,53.99,317,17115
2026-01-02 09:37:14,53.99,312,16845
2026-01-02 09:37:15,53.99,294,15873
2026-01-02 09:37:16,53.99,310,16737
2026-01-02 09:37:17,53.99,295,15927
2026-01-02 09:37:18,53.99,299,16143
2026-01-02 09:37:19,53.99,266,14361
2026-01-02 09:37:20,53.99,293,15819
2026-01-02 09:37:21,53.99,289,15603
2026-01-02 09:37:22,53.99,268,14469
2026-01-02 09:37:23,53.99,326,17601
2026-01-02 09:37:24,53.99,284,15333
2026-01-02 09:37:25,53.99,304,16413
2026-01-02 09:37:26,53.99,282,15225
2026-01-02 09:37:27,53.99,302,16305
2026-01-02 09:37:28,53.99,274,14793
2026-01-02 09:37:29,53.99,277,14955
2026-01-02 09:37:30,53.99,306,16521
2026-01-02 09:37:31,53.99,297,16035
2026-01-02 09:37:32,53.99,300,16197
2026-01-02 09:37:33,53.99,300,16197
2026-01-02 09:37:34,53.99,259,13983
2026-01-02 09:37:35,53.99,295,15927
2026-01-02 09:37:36,53.99,279,15063
2026-01-02 09:37:37,53.99,293,15819
2026-01-02 09:37:38,53.99,285,15387
2026-01-02 09:37:39,53.99,287,15495
2026-01-02 09:37:40,53.99,309,16683
2026-01-02 09:37:41,53.99,293,15819
2026-01-02 09:37:42,53.99,316,17061
2026-01-02 09:37:43,53.99,270,14577
2026-01-02 09:37:44,53.99,288,15549
2026-01-02 09:37:45,53.99,283,15279
2026-01-02 09:37:46,53.99,286,15441
2026-01-02 09:37:47,53.99,278,15009
2026-01-02 09:37:48,53.99,289,15603
2026-01-02 09:37:49,53.99,287,15495
2026-01-02 09:37:50,53.99,280,15117
2026-01-02 09:37:51,53.99,270,14577
2026-01-02 09:37:52,53.99,286,15441
2026-01-02 09:37:53,53.99,276,14901
2026-01-02 09:37:54,53.99,290,15657
2026-01-02 09:37:55,53.99,301,16251
2026-01-02 09:37:56,53.99,297,16035
2026-01-02 09:37:57,53.99,276,14901
2026-01-02 09:37:58,53.99,303,16359
2026-01-02 09:37:59,53.99,308,16629
2026-01-02 09:38:00,53.99,315,17007
2026-01-02 09:38:01,53.99,254,13713
2026-01-02 09:38:02,53.99,294,15873
2026-01-02 09:38:03,53.99,303,16359
2026-01-02 09:38:04,53.99,283,15279
2026-01-02 09:38:05,53.99,288,15549
2026-01-02 09:38:06,53.99,263,14199
2026-01-02 09:38:07,53.99,282,15225
2026-01-02 09:38:08,53.99,291,15711
2026-01-02 09:38:09,53.99,285,15387
2026-01-02 09:38:10,53.99,311,16791
2026-01-02 09:38:11,53.99,296,15981
2026-01-02 09:38:12,53.99,282,15225
2026-01-02 09:38:13,53.99,296,15981
2026-01-02 09:38:14,53.99,322,17385
2026-01-02 09:38:15,53.99,290,15657
2026-01-02 09:38:16,53.99,295,15927
2026-01-02 09:38:17,53.99,340,18357
2026-01-02 09:38:18,53.99,296,15981
2026-01-02 09:38:19,53.99,290,15657
2026-01-02 09:38:20,53.99,302,16305
2026-01-02 09:38:21,53.99,307,16575
2026-01-02 09:38:22,53.99,300,16197
2026-01-02 09:38:23,53.99,269,14523
2026-01-02 09:38:24,53.99,291,15711
2026-01-02 09:38:25,53.99,294,15873
2026-01-02 09:38:26,53.99,298,16089
2026-01-02 09:38:27,53.99,256,13821
2026-01-02 09:38:28,53.99,264,14253
2026-01-02 09:38:29,53.99,305,16467
2026-01-02 09:38:30,53.99,310,16737
2026-01-02 09:38:31,53.99,268,14469
2026-01-02 09:38:32,53.99,292,15765
2026-01-02 09:38:33,53.99,275,14847
2026-01-02 09:38:34,53.99,303,16359
2026-01-02 09:38:35,53.99,328,17709
2026-01-02 09:38:36,53.99,255,13767
2026-01-02 09:38:37,53.99,311,16791
2026-01-02 09:38:38,53.99,303,16359
2026-01-02 09:38:39,53.99,312,16845
2026-01-02 09:38:40,53.99,269,14523
2026-01-02 09:38:41,53.99,334,18033
2026-01-02 09:38:42,53.99,272,14685
2026-01-02 09:38:43,53.99,275,14847
2026-01-02 09:38:44,53.99,294,15873
2026-01-02 09:38:45,53.99,295,15927
2026-01-02 09:38:46,53.99,304,16413
2026-01-02 09:38:47,53.99,266,14361
2026-01-02 09:38:48,53.99,311,16791
2026-01-02 09:38:49,53.99,305,16467
2026-01-02 09:38:50,53.99,289,15603
2026-01-02 09:38:51,53.99,275,14847
2026-01-02 09:38:52,53.99,305,16467
2026-01-02 09:38:53,53.99,293,15819
2026-01-02 09:38:54,53.99,296,15981
2026-01-02 09:38:55,53.99,300,16197
2026-01-02 09:38:56,53.99,282,15225
2026-01-02 09:38:57,53.99,292,15765
2026-01-02 09:38:58,53.99,262,14145
2026-01-02 09:38:59,53.99,311,16791
2026-01-02 09:39:00,53.99,271,14631
2026-01-02 09:39:01,53.99,262,14145
2026-01-02 09:39:02,53.99,267,14415
2026-01-02 09:39:03,53.99,314,16953
2026-01-02 09:39:04,53.99,244,13174
2026-01-02 09:39:05,53.99,263,14199
2026-01-02 09:39:06,53.99,297,16035
2026-01-02 09:39:07,53.99,282,15225
2026-01-02 09:39:08,53.99,300,16197
2026-01-02 09:39:09,53.99,294,15873
2026-01-02 09:39:10,53.99,314,16953
2026-01-02 09:39:11,53.99,258,13929
2026-01-02 09:39:12,53.99,288,15549
2026-01-02 09:39:13,53.99,275,14847
2026-01-02 09:39:14,53.99,295,15927
2026-01-02 09:39:15,53.99,299,16143
2026-01-02 09:39:16,53.99,271,14631
2026-01-02 09:39:17,53.99,323,17439
2026-01-02 09:39:18,53.99,293,15819
2026-01-02 09:39:19,53.99,310,16737
2026-01-02 09:39:20,53.99,285,15387
2026-01-02 09:39:21,53.99,302,16305
2026-01-02 09:39:22,53.99,263,14199
2026-01-02 09:39:23,53.99,292,15765
2026-01-02 09:39:24,53.99,285,15387
2026-01-02 09:39:25,53.99,282,15225
2026-01-02 09:39:26,53.99,292,15765
2026-01-02 09:39:27,53.99,279,15063
2026-01-02 09:39:28,53.99,276,14901
2026-01-02 09:39:29,53.99,280,15117
2026-01-02 09:39:30,53.99,312,16845
2026-01-02 09:39:31,53.99,286,15441
2026-01-02 09:39:32,53.99,329,17763
2026-01-02 09:39:33,53.99,301,16251
2026-01-02 09:39:34,53.99,296,15981
2026-01-02 09:39:35,53.99,316,17061
2026-01-02 09:39:36,53.99,290,15657
2026-01-02 09:39:37,53.99,303,16359
2026-01-02 09:39:38,53.99,311,16791
2026-01-02 09:39:39,53.99,274,14793
2026-01-02 09:39:40,53.99,270,14577
2026-01-02 09:39:41,53.99,278,15009
2026-01-02 09:39:42,53.99,282,15225
2026-01-02 09:39:43,53.99,251,13551
2026-01-02 09:39:44,53.99,285,15387
2026-01-02 09:39:45,53.99,295,15927
2026-01-02 09:39:46,53.99,281,15171
2026-01-02 09:39:47,53.99,268,14469
2026-01-02 09:39:48,53.99,266,14361
2026-01-02 09:39:49,53.99,298,16089
2026-01-02 09:39:50,53.99,300,16197
2026-01-02 09:39:51,53.99,288,15549
2026-01-02 09:39:52,53.99,313,16899
2026-01-02 09:39:53,53.99,274,14793
2026-01-02 09:39:54,53.99,263,14199
2026-01-02 09:39:55,53.99,284,15333
2026-01-02 09:39:56,53.99,295,15927
2026-01-02 09:39:57,53.99,262,14145
2026-01-02 09:39:58,53.99,286,15441
2026-01-02 09:39:59,53.99,288,15549
2026-01-02 09:40:00,53.99,297,16035
2026-01-02 09:40:01,53.99,280,15117
2026-01-02 09:40:02,53.99,305,16467
2026-01-02 09:40:03,53.99,297,16035
2026-01-02 09:40:04,53.99,326,17601
2026-01-02 09:40:05,53.99,286,15441
2026-01-02 09:40:06,53.99,264,14253
2026-01-02 09:40:07,53.99,287,15495
2026-01-02 09:40:08,53.99,303,16359
2026-01-02 09:40:09,53.99,279,15063
2026-01-02 09:40:10,53.99,274,14793
2026-01-02 09:40:11,53.99,256,13821
2026-01-02 09:40:12,53.99,292,15765
2026-01-02 09:40:13,53.99,272,14685
2026-01-02 09:40:14,53.99,275,14847
2026-01-02 09:40:15,53.99,259,13983
2026-01-02 09:40:16,53.99,260,14037
2026-01-02 09:40:17,53.99,294,15873
2026-01-02 09:40:18,53.99,298,16089
2026-01-02 09:40:19,53.99,277,14955
2026-01-02 09:40:20,53.99,290,15657
2026-01-02 09:40:21,53.99,272,14685
2026-01-02 09:40:22,53.99,262,14145
2026-01-02 09:40:23,53.99,274,14793
2026-01-02 09:40:24,53.99,279,15063
2026-01-02 09:40:25,53.99,281,15171
2026-01-02 09:40:26,53.99,278,15009
2026-01-02 09:40:27,53.99,305,16467
2026-01-02 09:40:28,53.99,291,15711
2026-01-02 09:40:29,53.99,289,15603
2026-01-02 09:40:30,53.99,277,14955
2026-01-02 09:40:31,53.99,288,15549
2026-01-02 09:40:32,53.99,275,14847
2026-01-02 09:40:33,53.99,273,14739
2026-01-02 09:40:34,53.99,261,14091
2026-01-02 09:40:35,53.99,271,14631
2026-01-02 09:40:36,53.99,277,14955
2026-01-02 09:40:37,53.99,266,14361
2026-01-02 09:40:38,53.99,288,15549
2026-01-02 09:40:39,53.99,274,14793
2026-01-02 09:40:40,53.99,303,16359
2026-01-02 09:40:41,53.99,299,16143
2026-01-02 09:40:42,53.99,280,15117
2026-01-02 09:40:43,53.99,277,14955
2026-01-02 09:40:44,53.99,289,15603
2026-01-02 09:40:45,53.99,255,13767
2026-01-02 09:40:46,53.99,284,15333
2026-01-02 09:40:47,53.99,273,14739
2026-01-02 09:40:48,53.99,269,14523
2026-01-02 09:40:49,53.99,260,14037
2026-01-02 09:40:50,53.99,295,15927
2026-01-02 09:40:51,53.99,251,13551
2026-01-02 09:40:52,53.99,279,15063
2026-01-02 09:40:53,53.99,256,13821
2026-01-02 09:40:54,53.99,289,15603
2026-01-02 09:40:55,53.99,274,14793
2026-01-02 09:40:56,53.99,296,15981
2026-01-02 09:40:57,53.99,267,14415
2026-01-02 09:40:58,53.99,281,15171
2026-01-02 09:40:59,53.99,289,15603
2026-01-02 09:41:00,53.99,302,16305
2026-01-02 09:41:01,53.99,275,14847
2026-01-02 09:41:02,53.99,321,17331
2026-01-02 09:41:03,53.99,303,16359
2026-01-02 09:41:04,53.99,265,14307
2026-01-02 09:41:05,53.99,281,15171
2026-01-02 09:41:06,53.99,292,15765
2026-01-02 09:41:07,53.99,270,14577
2026-01-02 09:41:08,53.99,271,14631
2026-01-02 09:41:09,53.99,296,15981
2026-01-02 09:41:10,53.99,274,14793
2026-01-02 09:41:11,53.99,268,14469
2026-01-02 09:41:12,53.99,281,15171
2026-01-02 09:41:13,53.99,296,15981
2026-01-02 09:41:14,53.99,273,14739
2026-01-02 09:41:15,53.99,297,16035
2026-01-02 09:41:16,53.99,295,15927
2026-01-02 09:41:17,53.99,301,16251
2026-01-02 09:41:18,53.99,262,14145
2026-01-02 09:41:19,53.99,293,15819
2026-01-02 09:41:20,53.99,292,15765
2026-01-02 09:41:21,53.99,296,15981
2026-01-02 09:41:22,53.99,249,13444
2026-01-02 09:41:23,53.99,284,15333
2026-01-02 09:41:24,53.99,284,15333
2026-01-02 09:41:25,53.99,289,15603
2026-01-02 09:41:26,53.99,281,15171
2026-01-02 09:41:27,53.99,277,14955
2026-01-02 09:41:28,53.99,302,16305
2026-01-02 09:41:29,53.99,275,14847
2026-01-02 09:41:30,53.99,271,14631
2026-01-02 09:41:31,53.99,298,16089
2026-01-02 09:41:32,53.99,265,14307
2026-01-02 09:41:33,53.99,291,15711
2026-01-02 09:41:34,53.99,327,17655
2026-01-02 09:41:35,53.99,253,13659
2026-01-02 09:41:36,53.99,309,16683
2026-01-02 09:41:37,53.99,288,15549
2026-01-02 09:41:38,53.99,273,14739
2026-01-02 09:41:39,53.99,258,13929
2026-01-02 09:41:40,53.99,267,14415
2026-01-02 09:41:41,53.99,286,15441
2026-01-02 09:41:42,53.99,288,15549
2026-01-02 09:41:43,53.99,299,16143
2026-01-02 09:41:44,53.99,270,14577
2026-01-02 09:41:45,53.99,280,15117
2026-01-02 09:41:46,53.99,282,15225
2026-01-02 09:41:47,53.99,264,14253
2026-01-02 09:41:48,53.99,261,14091
2026-01-02 09:41:49,53.99,290,15657
2026-01-02 09:41:50,53.99,279,15063
2026-01-02 09:41:51,53.99,288,15549
2026-01-02 09:41:52,53.99,267,14415
2026-01-02 09:41:53,53.99,270,14577
2026-01-02 09:41:54,53.99,297,16035
2026-01-02 09:41:55,53.99,272,14685
2026-01-02 09:41:56,53.99,297,16035
2026-01-02 09:41:57,53.99,282,15225
2026-01-02 09:41:58,53.99,285,15387
2026-01-02 09:41:59,53.99,294,15873
2026-01-02 09:42:00,53.99,288,15549
2026-01-02 09:42:01,53.99,266,14361
2026-01-02 09:42:02,53.99,287,15495
2026-01-02 09:42:03,53.99,270,14577
2026-01-02 09:42:04,53.99,252,13605
2026-01-02 09:42:05,53.99,291,15711
2026-01-02 09:42:06,53.99,293,15819
2026-01-02 09:42:07,53.99,273,14739
2026-01-02 09:42:08,53.99,268,14469
2026-01-02 09:42:09,53.99,300,16197
2026-01-02 09:42:10,53.99,277,14955
2026-01-02 09:42:11,53.99,272,14685
2026-01-02 09:42:12,53.99,293,15819
2026-01-02 09:42:13,53.99,287,15495
2026-01-02 09:42:14,53.99,290,15657
2026-01-02 09:42:15,53.99,290,15657
2026-01-02 09:42:16,53.99,286,15441
2026-01-02 09:42:17,53.99,303,16359
2026-01-02 09:42:18,53.99,296,15981
2026-01-02 09:42:19,53.99,256,13821
2026-01-02 09:42:20,53.99,277,14955
2026-01-02 09:42:21,53.99,265,14307
2026-01-02 09:42:22,53.99,276,14901
2026-01-02 09:42:23,53.99,279,15063
2026-01-02 09:42:24,53.99,292,15765
2026-01-02 09:42:25,53.99,270,14577
2026-01-02 09:42:26,53.99,292,15765
2026-01-02 09:42:27,53.99,254,13713
2026-01-02 09:42:28,53.99,293,15819
2026-01-02 09:42:29,53.99,270,14577
2026-01-02 09:42:30,53.99,260,14037
2026-01-02 09:42:31,53.99,262,14145
2026-01-02 09:42:32,53.99,259,13983
2026-01-02 09:42:33,53.99,264,14253
2026-01-02 09:42:34,53.99,282,15225
2026-01-02 09:42:35,53.99,292,15765
2026-01-02 09:42:36,53.99,267,14415
2026-01-02 09:42:37,53.99,303,16359
2026-01-02 09:42:38,53.99,277,14955
2026-01-02 09:42:39,53.99,274,14793
2026-01-02 09:42:40,53.99,281,15171
2026-01-02 09:42:41,53.99,278,15009
2026-01-02 09:42:42,53.99,285,15387
2026-01-02 09:42:43,53.99,282,15225
2026-01-02 09:42:44,53.99,305,16467
2026-01-02 09:42:45,53.99,281,15171
2026-01-02 09:42:46,53.99,284,15333
2026-01-02 09:42:47,53.99,257,13875
2026-01-02 09:42:48,53.99,314,16953
2026-01-02 09:42:49,53.99,318,17169
2026-01-02 09:42:50,53.99,277,14955
2026-01-02 09:42:51,53.99,289,15603
2026-01-02 09:42:52,53.99,303,16359
2026-01-02 09:42:53,53.99,278,15009
2026-01-02 09:42:54,53.99,261,14091
2026-01-02 09:42:55,53.99,293,15819
2026-01-02 09:42:56,53.99,279,15063
2026-01-02 09:42:57,53.99,271,14631
2026-01-02 09:42:58,53.99,299,16143
2026-01-02 09:42:59,53.99,288,15549
2026-01-02 09:43:00,53.99,299,16143
2026-01-02 09:43:01,53.99,285,15387
2026-01-02 09:43:02,53.99,264,14253
2026-01-02 09:43:03,53.99,286,15441
2026-01-02 09:43:04,53.99,267,14415
2026-01-02 09:43:05,53.99,254,13713
2026-01-02 09:43:06,53.99,279,15063
2026-01-02 09:43:07,53.99,241,13012
2026-01-02 09:43:08,53.99,263,14199
2026-01-02 09:43:09,53.99,290,15657
2026-01-02 09:43:10,53.99,273,14739
2026-01-02 09:43:11,53.99,248,13390
2026-01-02 09:43:12,53.99,272,14685
2026-01-02 09:43:13,53.99,288,15549
2026-01-02 09:43:14,53.99,307,16575
2026-01-02 09:43:15,53.99,288,15549
2026-01-02 09:43:16,53.99,280,15117
2026-01-02 09:43:17,53.99,252,13605
2026-01-02 09:43:18,53.99,263,14199
2026-01-02 09:43:19,53.99,284,15333
2026-01-02 09:43:20,53.99,283,15279
2026-01-02 09:43:21,53.99,254,13713
2026-01-02 09:43:22,53.99,293,15819
2026-01-02 09:43:23,53.99,267,14415
2026-01-02 09:43:24,53.99,293,15819
2026-01-02 09:43:25,53.99,264,14253
2026-01-02 09:43:26,53.99,265,14307
2026-01-02 09:43:27,53.99,288,15549
2026-01-02 09:43:28,53.99,266,14361
2026-01-02 09:43:29,53.99,245,13228
2026-01-02 09:43:30,53.99,265,14307
2026-01-02 09:43:31,53.99,274,14793
2026-01-02 09:43:32,53.99,281,15171
2026-01-02 09:43:33,53.99,268,14469
2026-01-02 09:43:34,53.99,297,16035
2026-01-02 09:43:35,53.99,288,15549
2026-01-02 09:43:36,53.99,281,15171
2026-01-02 09:43:37,53.99,281,15171
2026-01-02 09:43:38,53.99,231,12472
2026-01-02 09:43:39,53.99,278,15009
2026-01-02 09:43:40,53.99,250,13498
2026-01-02 09:43:41,53.99,269,14523
2026-01-02 09:43:42,53.99,268,14469
2026-01-02 09:43:43,53.99,266,14361
2026-01-02 09:43:44,53.99,249,13444
2026-01-02 09:43:45,53.99,288,15549
2026-01-02 09:43:46,53.99,304,16413
2026-01-02 09:43:47,53.99,256,13821
2026-01-02 09:43:48,53.99,290,15657
2026-01-02 09:43:49,53.99,255,13767
2026-01-02 09:43:50,53.99,283,15279
2026-01-02 09:43:51,53.99,279,15063
2026-01-02 09:43:52,53.99,273,14739
2026-01-02 09:43:53,53.99,272,14685
2026-01-02 09:43:54,53.99,265,14307
2026-01-02 09:43:55,53.99,251,13551
2026-01-02 09:43:56,53.99,261,14091
2026-01-02 09:43:57,53.99,298,16089
2026-01-02 09:43:58,53.99,266,14361
2026-01-02 09:43:59,53.99,291,15711
2026-01-02 09:44:00,53.99,275,14847
2026-01-02 09:44:01,53.99,286,15441
2026-01-02 09:44:02,53.99,275,14847
2026-01-02 09:44:03,53.99,236,12742
2026-01-02 09:44:04,53.99,268,14469
2026-01-02 09:44:05,53.99,260,14037
2026-01-02 09:44:06,53.99,239,12904
2026-01-02 09:44:07,53.99,259,13983
2026-01-02 09:44:08,53.99,279,15063
2026-01-02 09:44:09,53.99,259,13983
2026-01-02 09:44:10,53.99,251,13551
2026-01-02 09:44:11,53.99,242,13066
2026-01-02 09:44:12,53.99,284,15333
2026-01-02 09:44:13,53.99,276,14901
2026-01-02 09:44:14,53.99,267,14415
2026-01-02 09:44:15,53.99,281,15171
2026-01-02 09:44:16,53.99,293,15819
2026-01-02 09:44:17,53.99,260,14037
2026-01-02 09:44:18,53.99,272,14685
2026-01-02 09:44:19,53.99,288,15549
2026-01-02 09:44:20,53.99,257,13875
2026-01-02 09:44:21,53.99,273,14739
2026-01-02 09:44:22,53.99,296,15981
2026-01-02 09:44:23,53.99,261,14091
2026-01-02 09:44:24,53.99,290,15657
2026-01-02 09:44:25,53.99,286,15441
2026-01-02 09:44:26,53.99,271,14631
2026-01-02 09:44:27,53.99,254,13713
2026-01-02 09:44:28,53.99,294,15873
2026-01-02 09:44:29,53.99,263,14199
2026-01-02 09:44:30,53.99,276,14901
2026-01-02 09:44:31,53.99,257,13875
2026-01-02 09:44:32,53.99,264,14253
2026-01-02 09:44:33,53.99,269,14523
2026-01-02 09:44:34,53.99,269,14523
2026-01-02 09:44:35,53.99,292,15765
2026-01-02 09:44:36,53.99,264,14253
2026-01-02 09:44:37,53.99,260,14037
2026-01-02 09:44:38,53.99,266,14361
2026-01-02 09:44:39,53.99,244,13174
2026-01-02 09:44:40,53.99,265,14307
2026-01-02 09:44:41,53.99,269,14523
2026-01-02 09:44:42,53.99,262,14145
2026-01-02 09:44:43,53.99,271,14631
2026-01-02 09:44:44,53.99,256,13821
2026-01-02 09:44:45,53.99,264,14253
2026-01-02 09:44:46,53.99,275,14847
2026-01-02 09:44:47,53.99,277,14955
2026-01-02 09:44:48,53.99,288,15549
2026-01-02 09:44:49,53.99,259,13983
2026-01-02 09:44:50,53.99,266,14361
2026-01-02 09:44:51,53.99,245,13228
2026-01-02 09:44:52,53.99,259,13983
2026-01-02 09:44:53,53.99,245,13228
2026-01-02 09:44:54,53.99,264,14253
2026-01-02 09:44:55,53.99,291,15711
2026-01-02 09:44:56,53.99,289,15603
2026-01-02 09:44:57,53.99,258,13929
2026-01-02 09:44:58,53.99,294,15873
2026-01-02 09:44:59,53.99,264,14253
2026-01-02 09:45:00,53.99,261,14091
2026-01-02 09:45:01,53.99,273,14739
2026-01-02 09:45:02,53.99,228,12310
2026-01-02 09:45:03,53.99,306,16521
2026-01-02 09:45:04,53.99,281,15171
2026-01-02 09:45:05,53.99,242,13066
2026-01-02 09:45:06,53.99,274,14793
2026-01-02 09:45:07,53.99,277,14955
2026-01-02 09:45:08,53.99,269,14523
2026-01-02 09:45:09,53.99,283,15279
2026-01-02 09:45:10,53.99,281,15171
2026-01-02 09:45:11,53.99,305,16467
2026-01-02 09:45:12,53.99,255,13767
2026-01-02 09:45:13,53.99,268,14469
2026-01-02 09:45:14,53.99,233,12580
2026-01-02 09:45:15,53.99,269,14523
2026-01-02 09:45:16,53.99,257,13875
2026-01-02 09:45:17,53.99,283,15279
2026-01-02 09:45:18,53.99,246,13282
2026-01-02 09:45:19,53.99,282,15225
2026-01-02 09:45:20,53.99,264,14253
2026-01-02 09:45:21,53.99,274,14793
2026-01-02 09:45:22,53.99,255,13767
2026-01-02 09:45:23,53.99,276,14901
2026-01-02 09:45:24,53.99,286,15441
2026-01-02 09:45:25,53.99,267,14415
2026-01-02 09:45:26,53.99,249,13444
2026-01-02 09:45:27,53.99,278,15009
2026-01-02 09:45:28,53.99,268,14469
2026-01-02 09:45:29,53.99,256,13821
2026-01-02 09:45:30,53.99,306,16521
2026-01-02 09:45:31,53.99,268,14469
2026-01-02 09:45:32,53.99,296,15981
2026-01-02 09:45:33,53.99,280,15117
2026-01-02 09:45:34,53.99,270,14577
2026-01-02 09:45:35,53.99,299,16143
2026-01-02 09:45:36,53.99,259,13983
2026-01-02 09:45:37,53.99,277,14955
2026-01-02 09:45:38,53.99,265,14307
2026-01-02 09:45:39,53.99,291,15711
2026-01-02 09:45:40,53.99,281,15171
2026-01-02 09:45:41,53.99,261,14091
2026-01-02 09:45:42,53.99,260,14037
2026-01-02 09:45:43,53.99,294,15873
2026-01-02 09:45:44,53.99,270,14577
2026-01-02 09:45:45,53.99,280,15117
2026-01-02 09:45:46,53.99,265,14307
2026-01-02 09:45:47,53.99,281,15171
2026-01-02 09:45:48,53.99,255,13767
2026-01-02 09:45:49,53.99,245,13228
2026-01-02 09:45:50,53.99,256,13821
2026-01-02 09:45:51,53.99,282,15225
2026-01-02 09:45:52,53.99,284,15333
2026-01-02 09:45:53,53.99,288,15549
2026-01-02 09:45:54,53.99,274,14793
2026-01-02 09:45:55,53.99,256,13821
2026-01-02 09:45:56,53.99,251,13551
2026-01-02 09:45:57,53.99,250,13498
2026-01-02 09:45:58,53.99,275,14847
2026-01-02 09:45:59,53.99,282,15225
2026-01-02 09:46:00,53.99,278,15009
2026-01-02 09:46:01,53.99,268,14469
2026-01-02 09:46:02,53.99,292,15765
2026-01-02 09:46:03,53.99,243,13120
2026-01-02 09:46:04,53.99,277,14955
2026-01-02 09:46:05,53.99,282,15225
2026-01-02 09:46:06,53.99,256,13821
2026-01-02 09:46:07,53.99,251,13551
2026-01-02 09:46:08,53.99,282,15225
2026-01-02 09:46:09,53.99,271,14631
2026-01-02 09:46:10,53.99,277,14955
2026-01-02 09:46:11,53.99,241,13012
2026-01-02 09:46:12,53.99,265,14307
2026-01-02 09:46:13,53.99,254,13713
2026-01-02 09:46:14,53.99,260,14037
2026-01-02 09:46:15,53.99,248,13390
2026-01-02 09:46:16,53.99,294,15873
2026-01-02 09:46:17,53.99,251,13551
2026-01-02 09:46:18,53.99,256,13821
2026-01-02 09:46:19,53.99,240,12958
2026-01-02 09:46:20,53.99,250,13498
2026-01-02 09:46:21,53.99,266,14361
2026-01-02 09:46:22,53.99,257,13875
2026-01-02 09:46:23,53.99,264,14253
2026-01-02 09:46:24,53.99,255,13767
2026-01-02 09:46:25,53.99,259,13983
2026-01-02 09:46:26,53.99,260,14037
2026-01-02 09:46:27,53.99,287,15495
2026-01-02 09:46:28,53.99,248,13390
2026-01-02 09:46:29,53.99,257,13875
2026-01-02 09:46:30,53.99,261,14091
2026-01-02 09:46:31,53.99,250,13498
2026-01-02 09:46:32,53.99,261,14091
2026-01-02 09:46:33,53.99,272,14685
2026-01-02 09:46:34,53.99,288,15549
2026-01-02 09:46:35,53.99,265,14307
2026-01-02 09:46:36,53.99,244,13174
2026-01-02 09:46:37,53.99,276,14901
2026-01-02 09:46:38,53.99,298,16089
2026-01-02 09:46:39,53.99,262,14145
2026-01-02 09:46:40,53.99,252,13605
2026-01-02 09:46:41,53.99,269,14523
2026-01-02 09:46:42,53.99,245,13228
2026-01-02 09:46:43,53.99,248,13390
2026-01-02 09:46:44,53.99,248,13390
2026-01-02 09:46:45,53.99,271,14631
2026-01-02 09:46:46,53.99,295,15927
2026-01-02 09:46:47,53.99,247,13336
2026-01-02 09:46:48,53.99,274,14793
2026-01-02 09:46:49,53.99,297,16035
2026-01-02 09:46:50,53.99,269,14523
2026-01-02 09:46:51,53.99,233,12580
2026-01-02 09:46:52,53.99,280,15117
2026-01-02 09:46:53,53.99,256,13821
2026-01-02 09:46:54,53.99,247,13336
2026-01-02 09:46:55,53.99,264,14253
2026-01-02 09:46:56,53.99,258,13929
2026-01-02 09:46:57,53.99,276,14901
2026-01-02 09:46:58,53.99,288,15549
2026-01-02 09:46:59,53.99,257,13875
2026-01-02 09:47:00,53.99,285,15387
2026-01-02 09:47:01,53.99,252,13605
2026-01-02 09:47:02,53.99,240,12958
2026-01-02 09:47:03,53.99,267,14415
2026-01-02 09:47:04,53.99,245,13228
2026-01-02 09:47:05,53.99,272,14685
2026-01-02 09:47:06,53.99,262,14145
2026-01-02 09:47:07,53.99,276,14901
2026-01-02 09:47:08,53.99,265,14307
2026-01-02 09:47:09,53.99,267,14415
2026-01-02 09:47:10,53.99,282,15225
2026-01-02 09:47:11,53.99,278,15009
2026-01-02 09:47:12,53.99,252,13605
2026-01-02 09:47:13,53.99,256,13821
2026-01-02 09:47:14,53.99,281,15171
2026-01-02 09:47:15,53.99,262,14145
2026-01-02 09:47:16,53.99,272,14685
2026-01-02 09:47:17,53.99,277,14955
2026-01-02 09:47:18,53.99,275,14847
2026-01-02 09:47:19,53.99,252,13605
2026-01-02 09:47:20,53.99,248,13390
2026-01-02 09:47:21,53.99,280,15117
2026-01-02 09:47:22,53.99,258,13929
2026-01-02 09:47:23,53.99,280,15117
2026-01-02 09:47:24,53.99,249,13444
2026-01-02 09:47:25,53.99,272,14685
2026-01-02 09:47:26,53.99,261,14091
2026-01-02 09:47:27,53.99,254,13713
2026-01-02 09:47:28,53.99,245,13228
2026-01-02 09:47:29,53.99,283,15279
2026-01-02 09:47:30,53.99,247,13336
2026-01-02 09:47:31,53.99,269,14523
2026-01-02 09:47:32,53.99,254,13713
2026-01-02 09:47:33,53.99,288,15549
2026-01-02 09:47:34,53.99,268,14469
2026-01-02 09:47:35,53.99,243,13120
2026-01-02 09:47:36,53.99,271,14631
2026-01-02 09:47:37,53.99,253,13659
2026-01-02 09:47:38,53.99,241,13012
2026-01-02 09:47:39,53.99,260,14037
2026-01-02 09:47:40,53.99,258,13929
2026-01-02 09:47:41,53.99,253,13659
2026-01-02 09:47:42,53.99,256,13821
2026-01-02 09:47:43,53.99,276,14901
2026-01-02 09:47:44,53.99,280,15117
2026-01-02 09:47:45,53.99,260,14037
2026-01-02 09:47:46,53.99,259,13983
2026-01-02 09:47:47,53.99,269,14523
2026-01-02 09:47:48,53.99,231,12472
2026-01-02 09:47:49,53.99,268,14469
2026-01-02 09:47:50,53.99,252,13605
2026-01-02 09:47:51,53.99,256,13821
2026-01-02 09:47:52,53.99,237,12796
2026-01-02 09:47:53,53.99,242,13066
2026-01-02 09:47:54,53.99,235,12688
2026-01-02 09:47:55,53.99,274,14793
2026-01-02 09:47:56,53.99,264,14253
2026-01-02 09:47:57,53.99,262,14145
2026-01-02 09:47:58,53.99,266,14361
2026-01-02 09:47:59,53.99,266,14361
2026-01-02 09:48:00,53.99,264,14253
2026-01-02 09:48:01,53.99,256,13821
2026-01-02 09:48:02,53.99,290,15657
2026-01-02 09:48:03,53.99,257,13875
2026-01-02 09:48:04,53.99,277,14955
2026-01-02 09:48:05,53.99,272,14685
2026-01-02 09:48:06,53.99,247,13336
2026-01-02 09:48:07,53.99,268,14469
2026-01-02 09:48:08,53.99,263,14199
2026-01-02 09:48:09,53.99,271,14631
2026-01-02 09:48:10,53.99,249,13444
2026-01-02 09:48:11,53.99,262,14145
2026-01-02 09:48:12,53.99,259,13983
2026-01-02 09:48:13,53.99,275,14847
2026-01-02 09:48:14,53.99,268,14469
2026-01-02 09:48:15,53.99,246,13282
2026-01-02 09:48:16,53.99,269,14523
2026-01-02 09:48:17,53.99,270,14577
2026-01-02 09:48:18,53.99,255,13767
2026-01-02 09:48:19,53.99,308,16629
2026-01-02 09:48:20,53.99,238,12850
2026-01-02 09:48:21,53.99,260,14037
2026-01-02 09:48:22,53.99,245,13228
2026-01-02 09:48:23,53.99,287,15495
2026-01-02 09:48:24,53.99,247,13336
2026-01-02 09:48:25,53.99,248,13390
2026-01-02 09:48:26,53.99,233,12580
2026-01-02 09:48:27,53.99,236,12742
2026-01-02 09:48:28,53.99,250,13498
2026-01-02 09:48:29,53.99,227,12256
2026-01-02 09:48:30,53.99,238,12850
2026-01-02 09:48:31,53.99,266,14361
2026-01-02 09:48:32,53.99,244,13174
2026-01-02 09:48:33,53.99,251,13551
2026-01-02 09:48:34,53.99,258,13929
2026-01-02 09:48:35,53.99,249,13444
2026-01-02 09:48:36,53.99,287,15495
2026-01-02 09:48:37,53.99,254,13713
2026-01-02 09:48:38,53.99,254,13713
2026-01-02 09:48:39,53.99,276,14901
2026-01-02 09:48:40,53.99,253,13659
2026-01-02 09:48:41,53.99,277,14955
2026-01-02 09:48:42,53.99,261,14091
2026-01-02 09:48:43,53.99,254,13713
2026-01-02 09:48:44,53.99,268,14469
2026-01-02 09:48:45,53.99,273,14739
2026-01-02 09:48:46,53.99,236,12742
2026-01-02 09:48:47,53.99,270,14577
2026-01-02 09:48:48,53.99,234,12634
2026-01-02 09:48:49,53.99,262,14145
2026-01-02 09:48:50,53.99,290,15657
2026-01-02 09:48:51,53.99,273,14739
2026-01-02 09:48:52,53.99,268,14469
2026-01-02 09:48:53,53.99,259,13983
2026-01-02 09:48:54,53.99,267,14415
2026-01-02 09:48:55,53.99,263,14199
2026-01-02 09:48:56,53.99,255,13767
2026-01-02 09:48:57,53.99,282,15225
2026-01-02 09:48:58,53.99,278,15009
2026-01-02 09:48:59,53.99,263,14199
2026-01-02 09:49:00,53.99,250,13498
2026-01-02 09:49:01,53.99,272,14685
2026-01-02 09:49:02,53.99,269,14523
2026-01-02 09:49:03,53.99,252,13605
2026-01-02 09:49:04,53.99,278,15009
2026-01-02 09:49:05,53.99,264,14253
2026-01-02 09:49:06,53.99,222,11986
2026-01-02 09:49:07,53.99,258,13929
2026-01-02 09:49:08,53.99,265,14307
2026-01-02 09:49:09,53.99,271,14631
2026-01-02 09:49:10,53.99,236,12742
2026-01-02 09:49:11,53.99,247,13336
2026-01-02 09:49:12,53.99,266,14361
2026-01-02 09:49:13,53.99,286,15441
2026-01-02 09:49:14,53.99,277,14955
2026-01-02 09:49:15,53.99,279,15063
2026-01-02 09:49:16,53.99,216,11662
2026-01-02 09:49:17,53.99,251,13551
2026-01-02 09:49:18,53.99,261,14091
2026-01-02 09:49:19,53.99,254,13713
2026-01-02 09:49:20,53.99,258,13929
2026-01-02 09:49:21,53.99,258,13929
2026-01-02 09:49:22,53.99,241,13012
2026-01-02 09:49:23,53.99,256,13821
2026-01-02 09:49:24,53.99,261,14091
2026-01-02 09:49:25,53.99,270,14577
2026-01-02 09:49:26,53.99,249,13444
2026-01-02 09:49:27,53.99,265,14307
2026-01-02 09:49:28,53.99,278,15009
2026-01-02 09:49:29,53.99,245,13228
2026-01-02 09:49:30,53.99,251,13551
2026-01-02 09:49:31,53.99,270,14577
2026-01-02 09:49:32,53.99,259,13983
2026-01-02 09:49:33,53.99,235,12688
2026-01-02 09:49:34,53.99,262,14145
2026-01-02 09:49:35,53.99,281,15171
2026-01-02 09:49:36,53.99,278,15009
2026-01-02 09:49:37,53.99,295,15927
2026-01-02 09:49:38,53.99,238,12850
2026-01-02 09:49:39,53.99,258,13929
2026-01-02 09:49:40,53.99,266,14361
2026-01-02 09:49:41,53.99,279,15063
2026-01-02 09:49:42,53.99,250,13498
2026-01-02 09:49:43,53.99,256,13821
2026-01-02 09:49:44,53.99,280,15117
2026-01-02 09:49:45,53.99,241,13012
2026-01-02 09:49:46,53.99,243,13120
2026-01-02 09:49:47,53.99,253,13659
2026-01-02 09:49:48,53.99,265,14307
2026-01-02 09:49:49,53.99,276,14901
2026-01-02 09:49:50,53.99,238,12850
2026-01-02 09:49:51,53.99,248,13390
2026-01-02 09:49:52,53.99,278,15009
2026-01-02 09:49:53,53.99,262,14145
2026-01-02 09:49:54,53.99,271,14631
2026-01-02 09:49:55,53.99,295,15927
2026-01-02 09:49:56,53.99,266,14361
2026-01-02 09:49:57,53.99,252,13605
2026-01-02 09:49:58,53.99,261,14091
2026-01-02 09:49:59,53.99,233,12580
2026-01-02 09:50:00,53.99,277,14955
2026-01-02 09:50:01,53.99,243,13120
2026-01-02 09:50:02,53.99,301,16251
2026-01-02 09:50:03,53.99,245,13228
2026-01-02 09:50:04,53.99,262,14145
2026-01-02 09:50:05,53.99,246,13282
2026-01-02 09:50:06,53.99,246,13282
2026-01-02 09:50:07,53.99,273,14739
2026-01-02 09:50:08,53.99,264,14253
2026-01-02 09:50:09,53.99,273,14739
2026-01-02 09:50:10,53.99,251,13551
2026-01-02 09:50:11,53.99,253,13659
2026-01-02 09:50:12,53.99,275,14847
2026-01-02 09:50:13,53.99,268,14469
2026-01-02 09:50:14,53.99,254,13713
2026-01-02 09:50:15,53.99,254,13713
2026-01-02 09:50:16,53.99,243,13120
2026-01-02 09:50:17,53.99,251,13551
2026-01-02 09:50:18,53.99,269,14523
2026-01-02 09:50:19,53.99,257,13875
2026-01-02 09:50:20,53.99,269,14523
2026-01-02 09:50:21,53.99,239,12904
2026-01-02 09:50:22,53.99,272,14685
2026-01-02 09:50:23,53.99,261,14091
2026-01-02 09:50:24,53.99,232,12526
2026-01-02 09:50:25,53.99,241,13012
2026-01-02 09:50:26,53.99,282,15225
2026-01-02 09:50:27,53.99,291,15711
2026-01-02 09:50:28,53.99,251,13551
2026-01-02 09:50:29,53.99,282,15225
2026-01-02 09:50:30,53.99,258,13929
2026-01-02 09:50:31,53.99,249,13444
2026-01-02 09:50:32,53.99,261,14091
2026-01-02 09:50:33,53.99,265,14307
2026-01-02 09:50:34,53.99,271,14631
2026-01-02 09:50:35,53.99,252,13605
2026-01-02 09:50:36,53.99,243,13120
2026-01-02 09:50:37,53.99,241,13012
2026-01-02 09:50:38,53.99,289,15603
2026-01-02 09:50:39,53.99,273,14739
2026-01-02 09:50:40,53.99,250,13498
2026-01-02 09:50:41,53.99,261,14091
2026-01-02 09:50:42,53.99,236,12742
2026-01-02 09:50:43,53.99,260,14037
2026-01-02 09:50:44,53.99,248,13390
2026-01-02 09:50:45,53.99,219,11824
2026-01-02 09:50:46,53.99,247,13336
2026-01-02 09:50:47,53.99,235,12688
2026-01-02 09:50:48,53.99,265,14307
2026-01-02 09:50:49,53.99,225,12148
2026-01-02 09:50:50,53.99,240,12958
2026-01-02 09:50:51,53.99,264,14253
2026-01-02 09:50:52,53.99,273,14739
2026-01-02 09:50:53,53.99,278,15009
2026-01-02 09:50:54,53.99,212,11446
2026-01-02 09:50:55,53.99,256,13821
2026-01-02 09:50:56,53.99,283,15279
2026-01-02 09:50:57,53.99,264,14253
2026-01-02 09:50:58,53.99,291,15711
2026-01-02 09:50:59,53.99,239,12904
2026-01-02 09:51:00,53.99,276,14901
2026-01-02 09:51:01,53.99,273,14739
2026-01-02 09:51:02,53.99,277,14955
2026-01-02 09:51:03,53.99,248,13390
2026-01-02 09:51:04,53.99,249,13444
2026-01-02 09:51:05,53.99,276,14901
2026-01-02 09:51:06,53.99,265,14307
2026-01-02 09:51:07,53.99,260,14037
2026-01-02 09:51:08,53.99,253,13659
2026-01-02 09:51:09,53.99,266,14361
2026-01-02 09:51:10,53.99,232,12526
2026-01-02 09:51:11,53.99,244,13174
2026-01-02 09:51:12,53.99,254,13713
2026-01-02 09:51:13,53.99,254,13713
2026-01-02 09:51:14,53.99,233,12580
2026-01-02 09:51:15,53.99,292,15765
2026-01-02 09:51:16,53.99,249,13444
2026-01-02 09:51:17,53.99,256,13821
2026-01-02 09:51:18,53.99,245,13228
2026-01-02 09:51:19,53.99,244,13174
2026-01-02 09:51:20,53.99,253,13659
2026-01-02 09:51:21,53.99,259,13983
2026-01-02 09:51:22,53.99,242,13066
2026-01-02 09:51:23,53.99,257,13875
2026-01-02 09:51:24,53.99,231,12472
2026-01-02 09:51:25,53.99,243,13120
2026-01-02 09:51:26,53.99,268,14469
2026-01-02 09:51:27,53.99,282,15225
2026-01-02 09:51:28,53.99,239,12904
2026-01-02 09:51:29,53.99,238,12850
2026-01-02 09:51:30,53.99,260,14037
2026-01-02 09:51:31,53.99,247,13336
2026-01-02 09:51:32,53.99,241,13012
2026-01-02 09:51:33,53.99,248,13390
2026-01-02 09:51:34,53.99,251,13551
2026-01-02 09:51:35,53.99,254,13713
2026-01-02 09:51:36,53.99,264,14253
2026-01-02 09:51:37,53.99,238,12850
2026-01-02 09:51:38,53.99,234,12634
2026-01-02 09:51:39,53.99,264,14253
2026-01-02 09:51:40,53.99,271,14631
2026-01-02 09:51:41,53.99,260,14037
2026-01-02 09:51:42,53.99,246,13282
2026-01-02 09:51:43,53.99,254,13713
2026-01-02 09:51:44,53.99,230,12418
2026-01-02 09:51:45,53.99,227,12256
2026-01-02 09:51:46,53.99,250,13498
2026-01-02 09:51:47,53.99,240,12958
2026-01-02 09:51:48,53.99,250,13498
2026-01-02 09:51:49,53.99,266,14361
2026-01-02 09:51:50,53.99,249,13444
2026-01-02 09:51:51,53.99,273,14739
2026-01-02 09:51:52,53.99,257,13875
2026-01-02 09:51:53,53.99,230,12418
2026-01-02 09:51:54,53.99,244,13174
2026-01-02 09:51:55,53.99,226,12202
2026-01-02 09:51:56,53.99,209,11284
2026-01-02 09:51:57,53.99,223,12040
2026-01-02 09:51:58,53.99,258,13929
2026-01-02 09:51:59,53.99,258,13929
2026-01-02 09:52:00,53.99,247,13336
2026-01-02 09:52:01,53.99,260,14037
2026-01-02 09:52:02,53.99,227,12256
2026-01-02 09:52:03,53.99,255,13767
2026-01-02 09:52:04,53.99,234,12634
2026-01-02 09:52:05,53.99,236,12742
2026-01-02 09:52:06,53.99,246,13282
2026-01-02 09:52:07,53.99,239,12904
2026-01-02 09:52:08,53.99,256,13821
2026-01-02 09:52:09,53.99,265,14307
2026-01-02 09:52:10,53.99,267,14415
2026-01-02 09:52:11,53.99,242,13066
2026-01-02 09:52:12,53.99,224,12094
2026-01-02 09:52:13,53.99,264,14253
2026-01-02 09:52:14,53.99,246,13282
2026-01-02 09:52:15,53.99,249,13444
2026-01-02 09:52:16,53.99,271,14631
2026-01-02 09:52:17,53.99,236,12742
2026-01-02 09:52:18,53.99,228,12310
2026-01-02 09:52:19,53.99,253,13659
2026-01-02 09:52:20,53.99,256,13821
2026-01-02 09:52:21,53.99,286,15441
2026-01-02 09:52:22,53.99,256,13821
2026-01-02 09:52:23,53.99,237,12796
2026-01-02 09:52:24,53.99,220,11878
2026-01-02 09:52:25,53.99,261,14091
2026-01-02 09:52:26,53.99,262,14145
2026-01-02 09:52:27,53.99,259,13983
2026-01-02 09:52:28,53.99,245,13228
2026-01-02 09:52:29,53.99,254,13713
2026-01-02 09:52:30,53.99,251,13551
2026-01-02 09:52:31,53.99,256,13821
2026-01-02 09:52:32,53.99,255,13767
2026-01-02 09:52:33,53.99,268,14469
2026-01-02 09:52:34,53.99,246,13282
2026-01-02 09:52:35,53.99,256,13821
2026-01-02 09:52:36,53.99,259,13983
2026-01-02 09:52:37,53.99,233,12580
2026-01-02 09:52:38,53.99,252,13605
2026-01-02 09:52:39,53.99,260,14037
2026-01-02 09:52:40,53.99,241,13012
2026-01-02 09:52:41,53.99,250,13498
2026-01-02 09:52:42,53.99,244,13174
2026-01-02 09:52:43,53.99,231,12472
2026-01-02 09:52:44,53.99,228,12310
2026-01-02 09:52:45,53.99,240,12958
2026-01-02 09:52:46,53.99,234,12634
2026-01-02 09:52:47,53.99,232,12526
2026-01-02 09:52:48,53.99,236,12742
2026-01-02 09:52:49,53.99,237,12796
2026-01-02 09:52:50,53.99,262,14145
2026-01-02 09:52:51,53.99,255,13767
2026-01-02 09:52:52,53.99,251,13551
2026-01-02 09:52:53,53.99,234,12634
2026-01-02 09:52:54,53.99,240,12958
2026-01-02 09:52:55,53.99,228,12310
2026-01-02 09:52:56,53.99,244,13174
2026-01-02 09:52:57,53.99,254,13713
2026-01-02 09:52:58,53.99,276,14901
2026-01-02 09:52:59,53.99,232,12526
2026-01-02 09:53:00,53.99,231,12472
2026-01-02 09:53:01,53.99,264,14253
2026-01-02 09:53:02,53.99,242,13066
2026-01-02 09:53:03,53.99,257,13875
2026-01-02 09:53:04,53.99,246,13282
2026-01-02 09:53:05,53.99,267,14415
2026-01-02 09:53:06,53.99,248,13390
2026-01-02 09:53:07,53.99,245,13228
2026-01-02 09:53:08,53.99,248,13390
2026-01-02 09:53:09,53.99,246,13282
2026-01-02 09:53:10,53.99,253,13659
2026-01-02 09:53:11,53.99,265,14307
2026-01-02 09:53:12,53.99,217,11716
2026-01-02 09:53:13,53.99,247,13336
2026-01-02 09:53:14,53.99,244,13174
2026-01-02 09:53:15,53.99,239,12904
2026-01-02 09:53:16,53.99,248,13390
2026-01-02 09:53:17,53.99,253,13659
2026-01-02 09:53:18,53.99,258,13929
2026-01-02 09:53:19,53.99,262,14145
2026-01-02 09:53:20,53.99,258,13929
2026-01-02 09:53:21,53.99,268,14469
2026-01-02 09:53:22,53.99,232,12526
2026-01-02 09:53:23,53.99,246,13282
2026-01-02 09:53:24,53.99,260,14037
2026-01-02 09:53:25,53.99,230,12418
2026-01-02 09:53:26,53.99,243,13120
2026-01-02 09:53:27,53.99,256,13821
2026-01-02 09:53:28,53.99,267,14415
2026-01-02 09:53:29,53.99,271,14631
2026-01-02 09:53:30,53.99,270,14577
2026-01-02 09:53:31,53.99,229,12364
2026-01-02 09:53:32,53.99,248,13390
2026-01-02 09:53:33,53.99,283,15279
2026-01-02 09:53:34,53.99,252,13605
2026-01-02 09:53:35,53.99,261,14091
2026-01-02 09:53:36,53.99,247,13336
2026-01-02 09:53:37,53.99,237,12796
2026-01-02 09:53:38,53.99,231,12472
2026-01-02 09:53:39,53.99,236,12742
2026-01-02 09:53:40,53.99,227,12256
2026-01-02 09:53:41,53.99,236,12742
2026-01-02 09:53:42,53.99,259,13983
2026-01-02 09:53:43,53.99,243,13120
2026-01-02 09:53:44,53.99,204,11014
2026-01-02 09:53:45,53.99,231,12472
2026-01-02 09:53:46,53.99,247,13336
2026-01-02 09:53:47,53.99,230,12418
2026-01-02 09:53:48,53.99,256,13821
2026-01-02 09:53:49,53.99,271,14631
2026-01-02 09:53:50,53.99,237,12796
2026-01-02 09:53:51,53.99,236,12742
2026-01-02 09:53:52,53.99,241,13012
2026-01-02 09:53:53,53.99,231,12472
2026-01-02 09:53:54,53.99,261,14091
2026-01-02 09:53:55,53.99,259,13983
2026-01-02 09:53:56,53.99,224,12094
2026-01-02 09:53:57,53.99,208,11230
2026-01-02 09:53:58,53.99,234,12634
2026-01-02 09:53:59,53.99,245,13228
2026-01-02 09:54:00,53.99,235,12688
2026-01-02 09:54:01,53.99,223,12040
2026-01-02 09:54:02,53.99,253,13659
2026-01-02 09:54:03,53.99,244,13174
2026-01-02 09:54:04,53.99,246,13282
2026-01-02 09:54:05,53.99,250,13498
2026-01-02 09:54:06,53.99,241,13012
2026-01-02 09:54:07,53.99,247,13336
2026-01-02 09:54:08,53.99,213,11500
2026-01-02 09:54:09,53.99,238,12850
2026-01-02 09:54:10,53.99,243,13120
2026-01-02 09:54:11,53.99,249,13444
2026-01-02 09:54:12,53.99,224,12094
2026-01-02 09:54:13,53.99,260,14037
2026-01-02 09:54:14,53.99,259,13983
2026-01-02 09:54:15,53.99,252,13605
2026-01-02 09:54:16,53.99,226,12202
2026-01-02 09:54:17,53.99,260,14037
2026-01-02 09:54:18,53.99,213,11500
2026-01-02 09:54:19,53.99,254,13713
2026-01-02 09:54:20,53.99,222,11986
2026-01-02 09:54:21,53.99,232,12526
2026-01-02 09:54:22,53.99,258,13929
2026-01-02 09:54:23,53.99,238,12850
2026-01-02 09:54:24,53.99,241,13012
2026-01-02 09:54:25,53.99,234,12634
2026-01-02 09:54:26,53.99,253,13659
2026-01-02 09:54:27,53.99,208,11230
2026-01-02 09:54:28,53.99,264,14253
2026-01-02 09:54:29,53.99,250,13498
2026-01-02 09:54:30,53.99,263,14199
2026-01-02 09:54:31,53.99,264,14253
2026-01-02 09:54:32,53.99,259,13983
2026-01-02 09:54:33,53.99,273,14739
2026-01-02 09:54:34,53.99,249,13444
2026-01-02 09:54:35,53.99,253,13659
2026-01-02 09:54:36,53.99,238,12850
2026-01-02 09:54:37,53.99,236,12742
2026-01-02 09:54:38,53.99,248,13390
2026-01-02 09:54:39,53.99,231,12472
2026-01-02 09:54:40,53.99,277,14955
2026-01-02 09:54:41,53.99,236,12742
2026-01-02 09:54:42,53.99,262,14145
2026-01-02 09:54:43,53.99,254,13713
2026-01-02 09:54:44,53.99,247,13336
2026-01-02 09:54:45,53.99,249,13444
2026-01-02 09:54:46,53.99,246,13282
2026-01-02 09:54:47,53.99,236,12742
2026-01-02 09:54:48,53.99,237,12796
2026-01-02 09:54:49,53.99,228,12310
2026-01-02 09:54:50,53.99,240,12958
2026-01-02 09:54:51,53.99,235,12688
2026-01-02 09:54:52,53.99,228,12310
2026-01-02 09:54:53,53.99,223,12040
2026-01-02 09:54:54,53.99,230,12418
2026-01-02 09:54:55,53.99,246,13282
2026-01-02 09:54:56,53.99,244,13174
2026-01-02 09:54:57,53.99,240,12958
2026-01-02 09:54:58,53.99,243,13120
2026-01-02 09:54:59,53.99,205,11068
2026-01-02 09:55:00,53.99,250,13498
2026-01-02 09:55:01,53.99,234,12634
2026-01-02 09:55:02,53.99,230,12418
2026-01-02 09:55:03,53.99,226,12202
2026-01-02 09:55:04,53.99,238,12850
2026-01-02 09:55:05,53.99,289,15603
2026-01-02 09:55:06,53.99,259,13983
2026-01-02 09:55:07,53.99,231,12472
2026-01-02 09:55:08,53.99,222,11986
2026-01-02 09:55:09,53.99,269,14523
2026-01-02 09:55:10,53.99,244,13174
2026-01-02 09:55:11,53.99,219,11824
2026-01-02 09:55:12,53.99,262,14145
2026-01-02 09:55:13,53.99,243,13120
2026-01-02 09:55:14,53.99,241,13012
2026-01-02 09:55:15,53.99,236,12742
2026-01-02 09:55:16,53.99,224,12094
2026-01-02 09:55:17,53.99,238,12850
2026-01-02 09:55:18,53.99,224,12094
2026-01-02 09:55:19,53.99,256,13821
2026-01-02 09:55:20,53.99,226,12202
2026-01-02 09:55:21,53.99,248,13390
2026-01-02 09:55:22,53.99,265,14307
2026-01-02 09:55:23,53.99,239,12904
2026-01-02 09:55:24,53.99,277,14955
2026-01-02 09:55:25,53.99,249,13444
2026-01-02 09:55:26,53.99,249,13444
2026-01-02 09:55:27,53.99,246,13282
2026-01-02 09:55:28,53.99,233,12580
2026-01-02 09:55:29,53.99,235,12688
2026-01-02 09:55:30,53.99,244,13174
2026-01-02 09:55:31,53.99,214,11554
2026-01-02 09:55:32,53.99,258,13929
2026-01-02 09:55:33,53.99,262,14145
2026-01-02 09:55:34,53.99,250,13498
2026-01-02 09:55:35,53.99,237,12796
2026-01-02 09:55:36,53.99,246,13282
2026-01-02 09:55:37,53.99,220,11878
2026-01-02 09:55:38,53.99,222,11986
2026-01-02 09:55:39,53.99,247,13336
2026-01-02 09:55:40,53.99,239,12904
2026-01-02 09:55:41,53.99,255,13767
2026-01-02 09:55:42,53.99,246,13282
2026-01-02 09:55:43,53.99,247,13336
2026-01-02 09:55:44,53.99,252,13605
2026-01-02 09:55:45,53.99,209,11284
2026-01-02 09:55:46,53.99,232,12526
2026-01-02 09:55:47,53.99,250,13498
2026-01-02 09:55:48,53.99,223,12040
2026-01-02 09:55:49,53.99,259,13983
2026-01-02 09:55:50,53.99,228,12310
2026-01-02 09:55:51,53.99,245,13228
2026-01-02 09:55:52,53.99,209,11284
2026-01-02 09:55:53,53.99,259,13983
2026-01-02 09:55:54,53.99,248,13390
2026-01-02 09:55:55,53.99,252,13605
2026-01-02 09:55:56,53.99,254,13713
2026-01-02 09:55:57,53.99,249,13444
2026-01-02 09:55:58,53.99,248,13390
2026-01-02 09:55:59,53.99,242,13066
2026-01-02 09:56:00,53.99,238,12850
2026-01-02 09:56:01,53.99,233,12580
2026-01-02 09:56:02,53.99,220,11878
2026-01-02 09:56:03,53.99,256,13821
2026-01-02 09:56:04,53.99,232,12526
2026-01-02 09:56:05,53.99,248,13390
2026-01-02 09:56:06,53.99,277,14955
2026-01-02 09:56:07,53.99,259,13983
2026-01-02 09:56:08,53.99,243,13120
2026-01-02 09:56:09,53.99,248,13390
2026-01-02 09:56:10,53.99,230,12418
2026-01-02 09:56:11,53.99,228,12310
2026-01-02 09:56:12,53.99,233,12580
2026-01-02 09:56:13,53.99,209,11284
2026-01-02 09:56:14,53.99,244,13174
2026-01-02 09:56:15,53.99,237,12796
2026-01-02 09:56:16,53.99,227,12256
2026-01-02 09:56:17,53.99,231,12472
2026-01-02 09:56:18,53.99,231,12472
2026-01-02 09:56:19,53.99,240,12958
2026-01-02 09:56:20,53.99,246,13282
2026-01-02 09:56:21,53.99,252,13605
2026-01-02 09:56:22,53.99,230,12418
2026-01-02 09:56:23,53.99,256,13821
2026-01-02 09:56:24,53.99,245,13228
2026-01-02 09:56:25,53.99,244,13174
2026-01-02 09:56:26,53.99,231,12472
2026-01-02 09:56:27,53.99,262,14145
2026-01-02 09:56:28,53.99,259,13983
2026-01-02 09:56:29,53.99,215,11608
2026-01-02 09:56:30,53.99,230,12418
2026-01-02 09:56:31,53.99,232,12526
2026-01-02 09:56:32,53.99,206,11122
2026-01-02 09:56:33,53.99,241,13012
2026-01-02 09:56:34,53.99,214,11554
2026-01-02 09:56:35,53.99,251,13551
2026-01-02 09:56:36,53.99,227,12256
2026-01-02 09:56:37,53.99,229,12364
2026-01-02 09:56:38,53.99,248,13390
2026-01-02 09:56:39,53.99,244,13174
2026-01-02 09:56:40,53.99,207,11176
2026-01-02 09:56:41,53.99,228,12310
2026-01-02 09:56:42,53.99,254,13713
2026-01-02 09:56:43,53.99,252,13605
2026-01-02 09:56:44,53.99,241,13012
2026-01-02 09:56:45,53.99,201,10852
2026-01-02 09:56:46,53.99,231,12472
2026-01-02 09:56:47,53.99,261,14091
2026-01-02 09:56:48,53.99,241,13012
2026-01-02 09:56:49,53.99,225,12148
2026-01-02 09:56:50,53.99,243,13120
2026-01-02 09:56:51,53.99,244,13174
2026-01-02 09:56:52,53.99,215,11608
2026-01-02 09:56:53,53.99,247,13336
2026-01-02 09:56:54,53.99,238,12850
2026-01-02 09:56:55,53.99,237,12796
2026-01-02 09:56:56,53.99,240,12958
2026-01-02 09:56:57,53.99,231,12472
2026-01-02 09:56:58,53.99,223,12040
2026-01-02 09:56:59,53.99,223,12040
2026-01-02 09:57:00,53.99,242,13066
2026-01-02 09:57:01,53.99,227,12256
2026-01-02 09:57:02,53.99,241,13012
2026-01-02 09:57:03,53.99,228,12310
2026-01-02 09:57:04,53.99,197,10636
2026-01-02 09:57:05,53.99,242,13066
2026-01-02 09:57:06,53.99,244,13174
2026-01-02 09:57:07,53.99,223,12040
2026-01-02 09:57:08,53.99,237,12796
2026-01-02 09:57:09,53.99,240,12958
2026-01-02 09:57:10,53.99,252,13605
2026-01-02 09:57:11,53.99,200,10798
2026-01-02 09:57:12,53.99,253,13659
2026-01-02 09:57:13,53.99,245,13228
2026-01-02 09:57:14,53.99,234,12634
2026-01-02 09:57:15,53.99,258,13929
2026-01-02 09:57:16,53.99,241,13012
2026-01-02 09:57:17,53.99,214,11554
2026-01-02 09:57:18,53.99,243,13120
2026-01-02 09:57:19,53.99,235,12688
2026-01-02 09:57:20,53.99,226,12202
2026-01-02 09:57:21,53.99,258,13929
2026-01-02 09:57:22,53.99,227,12256
2026-01-02 09:57:23,53.99,249,13444
2026-01-02 09:57:24,53.99,247,13336
2026-01-02 09:57:25,53.99,237,12796
2026-01-02 09:57:26,53.99,215,11608
2026-01-02 09:57:27,53.99,208,11230
2026-01-02 09:57:28,53.99,236,12742
2026-01-02 09:57:29,53.99,268,14469
2026-01-02 09:57:30,53.99,238,12850
2026-01-02 09:57:31,53.99,250,13498
2026-01-02 09:57:32,53.99,251,13551
2026-01-02 09:57:33,53.99,223,12040
2026-01-02 09:57:34,53.99,238,12850
2026-01-02 09:57:35,53.99,222,11986
2026-01-02 09:57:36,53.99,212,11446
2026-01-02 09:57:37,53.99,237,12796
2026-01-02 09:57:38,53.99,250,13498
2026-01-02 09:57:39,53.99,249,13444
2026-01-02 09:57:40,53.99,212,11446
2026-01-02 09:57:41,53.99,235,12688
2026-01-02 09:57:42,53.99,247,13336
2026-01-02 09:57:43,53.99,238,12850
2026-01-02 09:57:44,53.99,239,12904
2026-01-02 09:57:45,53.99,268,14469
2026-01-02 09:57:46,53.99,231,12472
2026-01-02 09:57:47,53.99,243,13120
2026-01-02 09:57:48,53.99,243,13120
2026-01-02 09:57:49,53.99,251,13551
2026-01-02 09:57:50,53.99,224,12094
2026-01-02 09:57:51,53.99,259,13983
2026-01-02 09:57:52,53.99,261,14091
2026-01-02 09:57:53,53.99,216,11662
2026-01-02 09:57:54,53.99,226,12202
2026-01-02 09:57:55,53.99,212,11446
2026-01-02 09:57:56,53.99,225,12148
2026-01-02 09:57:57,53.99,236,12742
2026-01-02 09:57:58,53.99,237,12796
2026-01-02 09:57:59,53.99,206,11122
2026-01-02 09:58:00,53.99,258,13929
2026-01-02 09:58:01,53.99,240,12958
2026-01-02 09:58:02,53.99,216,11662
2026-01-02 09:58:03,53.99,238,12850
2026-01-02 09:58:04,53.99,230,12418
2026-01-02 09:58:05,53.99,244,13174
2026-01-02 09:58:06,53.99,208,11230
2026-01-02 09:58:07,53.99,229,12364
2026-01-02 09:58:08,53.99,233,12580
2026-01-02 09:58:09,53.99,269,14523
2026-01-02 09:58:10,53.99,247,13336
2026-01-02 09:58:11,53.99,193,10420
2026-01-02 09:58:12,53.99,210,11338
2026-01-02 09:58:13,53.99,239,12904
2026-01-02 09:58:14,53.99,231,12472
2026-01-02 09:58:15,53.99,255,13767
2026-01-02 09:58:16,53.99,229,12364
2026-01-02 09:58:17,53.99,267,14415
2026-01-02 09:58:18,53.99,234,12634
2026-01-02 09:58:19,53.99,243,13120
2026-01-02 09:58:20,53.99,231,12472
2026-01-02 09:58:21,53.99,216,11662
2026-01-02 09:58:22,53.99,229,12364
2026-01-02 09:58:23,53.99,266,14361
2026-01-02 09:58:24,53.99,218,11770
2026-01-02 09:58:25,53.99,228,12310
2026-01-02 09:58:26,53.99,258,13929
2026-01-02 09:58:27,53.99,200,10798
2026-01-02 09:58:28,53.99,237,12796
2026-01-02 09:58:29,53.99,231,12472
2026-01-02 09:58:30,53.99,240,12958
2026-01-02 09:58:31,53.99,213,11500
2026-01-02 09:58:32,53.99,208,11230
2026-01-02 09:58:33,53.99,216,11662
2026-01-02 09:58:34,53.99,232,12526
2026-01-02 09:58:35,53.99,221,11932
2026-01-02 09:58:36,53.99,212,11446
2026-01-02 09:58:37,53.99,243,13120
2026-01-02 09:58:38,53.99,219,11824
2026-01-02 09:58:39,53.99,227,12256
2026-01-02 09:58:40,53.99,220,11878
2026-01-02 09:58:41,53.99,237,12796
2026-01-02 09:58:42,53.99,229,12364
2026-01-02 09:58:43,53.99,225,12148
2026-01-02 09:58:44,53.99,246,13282
2026-01-02 09:58:45,53.99,243,13120
2026-01-02 09:58:46,53.99,210,11338
2026-01-02 09:58:47,53.99,245,13228
2026-01-02 09:58:48,53.99,246,13282
2026-01-02 09:58:49,53.99,241,13012
2026-01-02 09:58:50,53.99,268,14469
2026-01-02 09:58:51,53.99,202,10906
2026-01-02 09:58:52,53.99,221,11932
2026-01-02 09:58:53,53.99,238,12850
2026-01-02 09:58:54,53.99,201,10852
2026-01-02 09:58:55,53.99,232,12526
2026-01-02 09:58:56,53.99,233,12580
2026-01-02 09:58:57,53.99,257,13875
2026-01-02 09:58:58,53.99,246,13282
2026-01-02 09:58:59,53.99,246,13282
2026-01-02 09:59:00,53.99,221,11932
2026-01-02 09:59:01,53.99,218,11770
2026-01-02 09:59:02,53.99,234,12634
2026-01-02 09:59:03,53.99,231,12472
2026-01-02 09:59:04,53.99,262,14145
2026-01-02 09:59:05,53.99,243,13120
2026-01-02 09:59:06,53.99,230,12418
2026-01-02 09:59:07,53.99,242,13066
2026-01-02 09:59:08,53.99,224,12094
2026-01-02 09:59:09,53.99,261,14091
2026-01-02 09:59:10,53.99,224,12094
2026-01-02 09:59:11,53.99,207,11176
2026-01-02 09:59:12,53.99,234,12634
2026-01-02 09:59:13,53.99,234,12634
2026-01-02 09:59:14,53.99,232,12526
2026-01-02 09:59:15,53.99,216,11662
2026-01-02 09:59:16,53.99,219,11824
2026-01-02 09:59:17,53.99,246,13282
2026-01-02 09:59:18,53.99,258,13929
2026-01-02 09:59:19,53.99,222,11986
2026-01-02 09:59:20,53.99,243,13120
2026-01-02 09:59:21,53.99,238,12850
2026-01-02 09:59:22,53.99,232,12526
2026-01-02 09:59:23,53.99,224,12094
2026-01-02 09:59:24,53.99,215,11608
2026-01-02 09:59:25,53.99,219,11824
2026-01-02 09:59:26,53.99,228,12310
2026-01-02 09:59:27,53.99,225,12148
2026-01-02 09:59:28,53.99,235,12688
2026-01-02 09:59:29,53.99,203,10960
2026-01-02 09:59:30,53.99,234,12634
2026-01-02 09:59:31,53.99,240,12958
2026-01-02 09:59:32,53.99,214,11554
2026-01-02 09:59:33,53.99,242,13066
2026-01-02 09:59:34,53.99,258,13929
2026-01-02 09:59:35,53.99,244,13174
2026-01-02 09:59:36,53.99,241,13012
2026-01-02 09:59:37,53.99,256,13821
2026-01-02 09:59:38,53.99,225,12148
2026-01-02 09:59:39,53.99,212,11446
2026-01-02 09:59:40,53.99,239,12904
2026-01-02 09:59:41,53.99,227,12256
2026-01-02 09:59:42,53.99,216,11662
2026-01-02 09:59:43,53.99,242,13066
2026-01-02 09:59:44,53.99,229,12364
2026-01-02 09:59:45,53.99,271,14631
2026-01-02 09:59:46,53.99,233,12580
2026-01-02 09:59:47,53.99,231,12472
2026-01-02 09:59:48,53.99,250,13498
2026-01-02 09:59:49,53.99,251,13551
2026-01-02 09:59:50,53.99,260,14037
2026-01-02 09:59:51,53.99,221,11932
2026-01-02 09:59:52,53.99,237,12796
2026-01-02 09:59:53,53.99,218,11770
2026-01-02 09:59:54,53.99,225,12148
2026-01-02 09:59:55,53.99,210,11338
2026-01-02 09:59:56,53.99,224,12094
2026-01-02 09:59:57,53.99,223,12040
2026-01-02 09:59:58,53.99,226,12202
2026-01-02 09:59:59,53.99,229,12364
2026-01-02 10:00:00,53.99,212,11446
2026-01-02 10:00:01,53.99,219,11824
2026-01-02 10:00:02,53.99,212,11446
2026-01-02 10:00:03,53.99,251,13551
2026-01-02 10:00:04,53.99,220,11878
2026-01-02 10:00:05,53.99,220,11878
2026-01-02 10:00:06,53.99,224,12094
2026-01-02 10:00:07,53.99,228,12310
2026-01-02 10:00:08,53.99,233,12580
2026-01-02 10:00:09,53.99,220,11878
2026-01-02 10:00:10,53.99,221,11932
2026-01-02 10:00:11,53.99,254,13713
2026-01-02 10:00:12,53.99,217,11716
2026-01-02 10:00:13,53.99,221,11932
2026-01-02 10:00:14,53.99,206,11122
2026-01-02 10:00:15,53.99,241,13012
2026-01-02 10:00:16,53.99,247,13336
2026-01-02 10:00:17,53.99,240,12958
2026-01-02 10:00:18,53.99,232,12526
2026-01-02 10:00:19,53.99,236,12742
2026-01-02 10:00:20,53.99,229,12364
2026-01-02 10:00:21,53.99,219,11824
2026-01-02 10:00:22,53.99,226,12202
2026-01-02 10:00:23,53.99,230,12418
2026-01-02 10:00:24,53.99,210,11338
2026-01-02 10:00:25,53.99,207,11176
2026-01-02 10:00:26,53.99,234,12634
2026-01-02 10:00:27,53.99,246,13282
2026-01-02 10:00:28,53.99,223,12040
2026-01-02 10:00:29,53.99,207,11176
2026-01-02 10:00:30,53.99,244,13174
2026-01-02 10:00:31,53.99,227,12256
2026-01-02 10:00:32,53.99,220,11878
2026-01-02 10:00:33,53.99,221,11932
2026-01-02 10:00:34,53.99,242,13066
2026-01-02 10:00:35,53.99,214,11554
2026-01-02 10:00:36,53.99,217,11716
2026-01-02 10:00:37,53.99,251,13551
2026-01-02 10:00:38,53.99,240,12958
2026-01-02 10:00:39,53.99,229,12364
2026-01-02 10:00:40,53.99,230,12418
2026-01-02 10:00:41,53.99,209,11284
2026-01-02 10:00:42,53.99,214,11554
2026-01-02 10:00:43,53.99,227,12256
2026-01-02 10:00:44,53.99,257,13875
2026-01-02 10:00:45,53.99,202,10906
2026-01-02 10:00:46,53.99,206,11122
2026-01-02 10:00:47,53.99,224,12094
2026-01-02 10:00:48,53.99,234,12634
2026-01-02 10:00:49,53.99,235,12688
2026-01-02 10:00:50,53.99,235,12688
2026-01-02 10:00:51,53.99,210,11338
2026-01-02 10:00:52,53.99,243,13120
2026-01-02 10:00:53,53.99,232,12526
2026-01-02 10:00:54,53.99,228,12310
2026-01-02 10:00:55,53.99,230,12418
2026-01-02 10:00:56,53.99,250,13498
2026-01-02 10:00:57,53.99,226,12202
2026-01-02 10:00:58,53.99,223,12040
2026-01-02 10:00:59,53.99,223,12040
2026-01-02 10:01:00,53.99,232,12526
2026-01-02 10:01:01,53.99,212,11446
2026-01-02 10:01:02,53.99,215,11608
2026-01-02 10:01:03,53.99,231,12472
2026-01-02 10:01:04,53.99,247,13336
2026-01-02 10:01:05,53.99,224,12094
2026-01-02 10:01:06,53.99,228,12310
2026-01-02 10:01:07,53.99,224,12094
2026-01-02 10:01:08,53.99,218,11770
2026-01-02 10:01:09,53.99,197,10636
2026-01-02 10:01:10,53.99,211,11392
2026-01-02 10:01:11,53.99,205,11068
2026-01-02 10:01:12,53.99,250,13498
2026-01-02 10:01:13,53.99,231,12472
2026-01-02 10:01:14,53.99,248,13390
2026-01-02 10:01:15,53.99,230,12418
2026-01-02 10:01:16,53.99,255,13767
2026-01-02 10:01:17,53.99,219,11824
2026-01-02 10:01:18,53.99,241,13012
2026-01-02 10:01:19,53.99,201,10852
2026-01-02 10:01:20,53.99,236,12742
2026-01-02 10:01:21,53.99,218,11770
2026-01-02 10:01:22,53.99,229,12364
2026-01-02 10:01:23,53.99,196,10582
2026-01-02 10:01:24,53.99,250,13498
2026-01-02 10:01:25,53.99,216,11662
2026-01-02 10:01:26,53.99,239,12904
2026-01-02 10:01:27,53.99,231,12472
2026-01-02 10:01:28,53.99,255,13767
2026-01-02 10:01:29,53.99,215,11608
2026-01-02 10:01:30,53.99,248,13390
2026-01-02 10:01:31,53.99,230,12418
2026-01-02 10:01:32,53.99,259,13983
2026-01-02 10:01:33,53.99,251,13551
2026-01-02 10:01:34,53.99,228,12310
2026-01-02 10:01:35,53.99,219,11824
2026-01-02 10:01:36,53.99,228,12310
2026-01-02 10:01:37,53.99,228,12310
2026-01-02 10:01:38,53.99,203,10960
2026-01-02 10:01:39,53.99,240,12958
2026-01-02 10:01:40,53.99,222,11986
2026-01-02 10:01:41,53.99,235,12688
2026-01-02 10:01:42,53.99,214,11554
2026-01-02 10:01:43,53.99,242,13066
2026-01-02 10:01:44,53.99,252,13605
2026-01-02 10:01:45,53.99,218,11770
2026-01-02 10:01:46,53.99,231,12472
2026-01-02 10:01:47,53.99,234,12634
2026-01-02 10:01:48,53.99,249,13444
2026-01-02 10:01:49,53.99,244,13174
2026-01-02 10:01:50,53.99,227,12256
2026-01-02 10:01:51,53.99,219,11824
2026-01-02 10:01:52,53.99,242,13066
2026-01-02 10:01:53,53.99,205,11068
2026-01-02 10:01:54,53.99,220,11878
2026-01-02 10:01:55,53.99,236,12742
2026-01-02 10:01:56,53.99,250,13498
2026-01-02 10:01:57,53.99,209,11284
2026-01-02 10:01:58,53.99,223,12040
2026-01-02 10:01:59,53.99,201,10852
2026-01-02 10:02:00,53.99,213,11500
2026-01-02 10:02:01,53.99,237,12796
2026-01-02 10:02:02,53.99,202,10906
2026-01-02 10:02:03,53.99,232,12526
2026-01-02 10:02:04,53.99,245,13228
2026-01-02 10:02:05,53.99,222,11986
2026-01-02 10:02:06,53.99,202,10906
2026-01-02 10:02:07,53.99,216,11662
2026-01-02 10:02:08,53.99,244,13174
2026-01-02 10:02:09,53.99,246,13282
2026-01-02 10:02:10,53.99,227,12256
2026-01-02 10:02:11,53.99,242,13066
2026-01-02 10:02:12,53.99,231,12472
2026-01-02 10:02:13,53.99,240,12958
2026-01-02 10:02:14,53.99,249,13444
2026-01-02 10:02:15,53.99,244,13174
2026-01-02 10:02:16,53.99,243,13120
2026-01-02 10:02:17,53.99,254,13713
2026-01-02 10:02:18,53.99,245,13228
2026-01-02 10:02:19,53.99,228,12310
2026-01-02 10:02:20,53.99,228,12310
2026-01-02 10:02:21,53.99,229,12364
2026-01-02 10:02:22,53.99,207,11176
2026-01-02 10:02:23,53.99,225,12148
2026-01-02 10:02:24,53.99,249,13444
2026-01-02 10:02:25,53.99,222,11986
2026-01-02 10:02:26,53.99,227,12256
2026-01-02 10:02:27,53.99,217,11716
2026-01-02 10:02:28,53.99,242,13066
2026-01-02 10:02:29,53.99,232,12526
2026-01-02 10:02:30,53.99,221,11932
2026-01-02 10:02:31,53.99,230,12418
2026-01-02 10:02:32,53.99,212,11446
2026-01-02 10:02:33,53.99,225,12148
2026-01-02 10:02:34,53.99,256,13821
2026-01-02 10:02:35,53.99,235,12688
2026-01-02 10:02:36,53.99,238,12850
2026-01-02 10:02:37,53.99,228,12310
2026-01-02 10:02:38,53.99,217,11716
2026-01-02 10:02:39,53.99,221,11932
2026-01-02 10:02:40,53.99,225,12148
2026-01-02 10:02:41,53.99,215,11608
2026-01-02 10:02:42,53.99,224,12094
2026-01-02 10:02:43,53.99,221,11932
2026-01-02 10:02:44,53.99,226,12202
2026-01-02 10:02:45,53.99,233,12580
2026-01-02 10:02:46,53.99,226,12202
2026-01-02 10:02:47,53.99,235,12688
2026-01-02 10:02:48,53.99,220,11878
2026-01-02 10:02:49,53.99,249,13444
2026-01-02 10:02:50,53.99,225,12148
2026-01-02 10:02:51,53.99,215,11608
2026-01-02 10:02:52,53.99,219,11824
2026-01-02 10:02:53,53.99,218,11770
2026-01-02 10:02:54,53.99,215,11608
2026-01-02 10:02:55,53.99,217,11716
2026-01-02 10:02:56,53.99,207,11176
2026-01-02 10:02:57,53.99,209,11284
2026-01-02 10:02:58,53.99,221,11932
2026-01-02 10:02:59,53.99,209,11284
2026-01-02 10:03:00,53.99,218,11770
2026-01-02 10:03:01,53.99,226,12202
2026-01-02 10:03:02,53.99,229,12364
2026-01-02 10:03:03,53.99,225,12148
2026-01-02 10:03:04,53.99,253,13659
2026-01-02 10:03:05,53.99,198,10690
2026-01-02 10:03:06,53.99,239,12904
2026-01-02 10:03:07,53.99,193,10420
2026-01-02 10:03:08,53.99,242,13066
2026-01-02 10:03:09,53.99,214,11554
2026-01-02 10:03:10,53.99,245,13228
2026-01-02 10:03:11,53.99,248,13390
2026-01-02 10:03:12,53.99,254,13713
2026-01-02 10:03:13,53.99,243,13120
2026-01-02 10:03:14,53.99,221,11932
2026-01-02 10:03:15,53.99,221,11932
2026-01-02 10:03:16,53.99,217,11716
2026-01-02 10:03:17,53.99,236,12742
2026-01-02 10:03:18,53.99,243,13120
2026-01-02 10:03:19,53.99,225,12148
2026-01-02 10:03:20,53.99,233,12580
2026-01-02 10:03:21,53.99,242,13066
2026-01-02 10:03:22,53.99,202,10906
2026-01-02 10:03:23,53.99,242,13066
2026-01-02 10:03:24,53.99,245,13228
2026-01-02 10:03:25,53.99,206,11122
2026-01-02 10:03:26,53.99,237,12796
2026-01-02 10:03:27,53.99,243,13120
2026-01-02 10:03:28,53.99,204,11014
2026-01-02 10:03:29,53.99,228,12310
2026-01-02 10:03:30,53.99,203,10960
2026-01-02 10:03:31,53.99,241,13012
2026-01-02 10:03:32,53.99,200,10798
2026-01-02 10:03:33,53.99,228,12310
2026-01-02 10:03:34,53.99,228,12310
2026-01-02 10:03:35,53.99,212,11446
2026-01-02 10:03:36,53.99,221,11932
2026-01-02 10:03:37,53.99,225,12148
2026-01-02 10:03:38,53.99,223,12040
2026-01-02 10:03:39,53.99,232,12526
2026-01-02 10:03:40,53.99,225,12148
2026-01-02 10:03:41,53.99,249,13444
2026-01-02 10:03:42,53.99,218,11770
2026-01-02 10:03:43,53.99,238,12850
2026-01-02 10:03:44,53.99,216,11662
2026-01-02 10:03:45,53.99,228,12310
2026-01-02 10:03:46,53.99,223,12040
2026-01-02 10:03:47,53.99,201,10852
2026-01-02 10:03:48,53.99,224,12094
2026-01-02 10:03:49,53.99,235,12688
2026-01-02 10:03:50,53.99,232,12526
2026-01-02 10:03:51,53.99,218,11770
2026-01-02 10:03:52,53.99,228,12310
2026-01-02 10:03:53,53.99,250,13498
2026-01-02 10:03:54,53.99,223,12040
2026-01-02 10:03:55,53.99,228,12310
2026-01-02 10:03:56,53.99,237,12796
2026-01-02 10:03:57,53.99,222,11986
2026-01-02 10:03:58,53.99,234,12634
2026-01-02 10:03:59,53.99,196,10582
2026-01-02 10:04:00,53.99,224,12094
2026-01-02 10:04:01,53.99,231,12472
2026-01-02 10:04:02,53.99,228,12310
2026-01-02 10:04:03,53.99,233,12580
2026-01-02 10:04:04,53.99,237,12796
2026-01-02 10:04:05,53.99,197,10636
2026-01-02 10:04:06,53.99,228,12310
2026-01-02 10:04:07,53.99,178,9610
2026-01-02 10:04:08,53.99,199,10744
2026-01-02 10:04:09,53.99,224,12094
2026-01-02 10:04:10,53.99,211,11392
2026-01-02 10:04:11,53.99,221,11932
2026-01-02 10:04:12,53.99,228,12310
2026-01-02 10:04:13,53.99,245,13228
2026-01-02 10:04:14,53.99,240,12958
2026-01-02 10:04:15,53.99,236,12742
2026-01-02 10:04:16,53.99,221,11932
2026-01-02 10:04:17,53.99,230,12418
2026-01-02 10:04:18,53.99,241,13012
2026-01-02 10:04:19,53.99,218,11770
2026-01-02 10:04:20,53.99,218,11770
2026-01-02 10:04:21,53.99,218,11770
2026-01-02 10:04:22,53.99,239,12904
2026-01-02 10:04:23,53.99,253,13659
2026-01-02 10:04:24,53.99,221,11932
2026-01-02 10:04:25,53.99,239,12904
2026-01-02 10:04:26,53.99,233,12580
2026-01-02 10:04:27,53.99,235,12688
2026-01-02 10:04:28,53.99,226,12202
2026-01-02 10:04:29,53.99,220,11878
2026-01-02 10:04:30,53.99,209,11284
2026-01-02 10:04:31,53.99,223,12040
2026-01-02 10:04:32,53.99,228,12310
2026-01-02 10:04:33,53.99,215,11608
2026-01-02 10:04:34,53.99,244,13174
2026-01-02 10:04:35,53.99,229,12364
2026-01-02 10:04:36,53.99,199,10744
2026-01-02 10:04:37,53.99,237,12796
2026-01-02 10:04:38,53.99,232,12526
2026-01-02 10:04:39,53.99,230,12418
2026-01-02 10:04:40,53.99,238,12850
2026-01-02 10:04:41,53.99,202,10906
2026-01-02 10:04:42,53.99,224,12094
2026-01-02 10:04:43,53.99,244,13174
2026-01-02 10:04:44,53.99,214,11554
2026-01-02 10:04:45,53.99,211,11392
2026-01-02 10:04:46,53.99,211,11392
2026-01-02 10:04:47,53.99,215,11608
2026-01-02 10:04:48,53.99,229,12364
2026-01-02 10:04:49,53.99,227,12256
2026-01-02 10:04:50,53.99,222,11986
2026-01-02 10:04:51,53.99,203,10960
2026-01-02 10:04:52,53.99,223,12040
2026-01-02 10:04:53,53.99,208,11230
2026-01-02 10:04:54,53.99,226,12202
2026-01-02 10:04:55,53.99,207,11176
2026-01-02 10:04:56,53.99,215,11608
2026-01-02 10:04:57,53.99,235,12688
2026-01-02 10:04:58,53.99,222,11986
2026-01-02 10:04:59,53.99,224,12094
2026-01-02 10:05:00,53.99,200,10798
2026-01-02 10:05:01,53.99,215,11608
2026-01-02 10:05:02,53.99,206,11122
2026-01-02 10:05:03,53.99,204,11014
2026-01-02 10:05:04,53.99,216,11662
2026-01-02 10:05:05,53.99,221,11932
2026-01-02 10:05:06,53.99,227,12256
2026-01-02 10:05:07,53.99,239,12904
2026-01-02 10:05:08,53.99,224,12094
2026-01-02 10:05:09,53.99,199,10744
2026-01-02 10:05:10,53.99,231,12472
2026-01-02 10:05:11,53.99,217,11716
2026-01-02 10:05:12,53.99,202,10906
2026-01-02 10:05:13,53.99,192,10366
2026-01-02 10:05:14,53.99,223,12040
2026-01-02 10:05:15,53.99,228,12310
2026-01-02 10:05:16,53.99,192,10366
2026-01-02 10:05:17,53.99,213,11500
2026-01-02 10:05:18,53.99,214,11554
2026-01-02 10:05:19,53.99,217,11716
2026-01-02 10:05:20,53.99,198,10690
2026-01-02 10:05:21,53.99,219,11824
2026-01-02 10:05:22,53.99,198,10690
2026-01-02 10:05:23,53.99,217,11716
2026-01-02 10:05:24,53.99,234,12634
2026-01-02 10:05:25,53.99,215,11608
2026-01-02 10:05:26,53.99,221,11932
2026-01-02 10:05:27,53.99,219,11824
2026-01-02 10:05:28,53.99,233,12580
2026-01-02 10:05:29,53.99,223,12040
2026-01-02 10:05:30,53.99,206,11122
2026-01-02 10:05:31,53.99,211,11392
2026-01-02 10:05:32,53.99,214,11554
2026-01-02 10:05:33,53.99,211,11392
2026-01-02 10:05:34,53.99,243,13120
2026-01-02 10:05:35,53.99,216,11662
2026-01-02 10:05:36,53.99,194,10474
2026-01-02 10:05:37,53.99,222,11986
2026-01-02 10:05:38,53.99,213,11500
2026-01-02 10:05:39,53.99,227,12256
2026-01-02 10:05:40,53.99,232,12526
2026-01-02 10:05:41,53.99,230,12418
2026-01-02 10:05:42,53.99,223,12040
2026-01-02 10:05:43,53.99,214,11554
2026-01-02 10:05:44,53.99,215,11608
2026-01-02 10:05:45,53.99,198,10690
2026-01-02 10:05:46,53.99,231,12472
2026-01-02 10:05:47,53.99,232,12526
2026-01-02 10:05:48,53.99,199,10744
2026-01-02 10:05:49,53.99,220,11878
2026-01-02 10:05:50,53.99,213,11500
2026-01-02 10:05:51,53.99,213,11500
2026-01-02 10:05:52,53.99,216,11662
2026-01-02 10:05:53,53.99,181,9772
2026-01-02 10:05:54,53.99,212,11446
2026-01-02 10:05:55,53.99,210,11338
2026-01-02 10:05:56,53.99,230,12418
2026-01-02 10:05:57,53.99,228,12310
2026-01-02 10:05:58,53.99,209,11284
2026-01-02 10:05:59,53.99,211,11392
2026-01-02 10:06:00,53.99,218,11770
2026-01-02 10:06:01,53.99,215,11608
2026-01-02 10:06:02,53.99,226,12202
2026-01-02 10:06:03,53.99,230,12418
2026-01-02 10:06:04,53.99,214,11554
2026-01-02 10:06:05,53.99,216,11662
2026-01-02 10:06:06,53.99,208,11230
2026-01-02 10:06:07,53.99,215,11608
2026-01-02 10:06:08,53.99,234,12634
2026-01-02 10:06:09,53.99,210,11338
2026-01-02 10:06:10,53.99,219,11824
2026-01-02 10:06:11,53.99,192,10366
2026-01-02 10:06:12,53.99,199,10744
2026-01-02 10:06:13,53.99,217,11716
2026-01-02 10:06:14,53.99,231,12472
2026-01-02 10:06:15,53.99,220,11878
2026-01-02 10:06:16,53.99,219,11824
2026-01-02 10:06:17,53.99,199,10744
2026-01-02 10:06:18,53.99,219,11824
2026-01-02 10:06:19,53.99,217,11716
2026-01-02 10:06:20,53.99,234,12634
2026-01-02 10:06:21,53.99,224,12094
2026-01-02 10:06:22,53.99,215,11608
2026-01-02 10:06:23,53.99,228,12310
2026-01-02 10:06:24,53.99,223,12040
2026-01-02 10:06:25,53.99,197,10636
2026-01-02 10:06:26,53.99,220,11878
2026-01-02 10:06:27,53.99,222,11986
2026-01-02 10:06:28,53.99,238,12850
2026-01-02 10:06:29,53.99,234,12634
2026-01-02 10:06:30,53.99,232,12526
2026-01-02 10:06:31,53.99,215,11608
2026-01-02 10:06:32,53.99,213,11500
2026-01-02 10:06:33,53.99,211,11392
2026-01-02 10:06:34,53.99,212,11446
2026-01-02 10:06:35,53.99,219,11824
2026-01-02 10:06:36,53.99,206,11122
2026-01-02 10:06:37,53.99,205,11068
2026-01-02 10:06:38,53.99,203,10960
2026-01-02 10:06:39,53.99,224,12094
2026-01-02 10:06:40,53.99,215,11608
2026-01-02 10:06:41,53.99,223,12040
2026-01-02 10:06:42,53.99,215,11608
2026-01-02 10:06:43,53.99,223,12040
2026-01-02 10:06:44,53.99,227,12256
2026-01-02 10:06:45,53.99,224,12094
2026-01-02 10:06:46,53.99,213,11500
2026-01-02 10:06:47,53.99,232,12526
2026-01-02 10:06:48,53.99,225,12148
2026-01-02 10:06:49,53.99,230,12418
2026-01-02 10:06:50,53.99,188,10150
2026-01-02 10:06:51,53.99,237,12796
2026-01-02 10:06:52,53.99,226,12202
2026-01-02 10:06:53,53.99,212,11446
2026-01-02 10:06:54,53.99,221,11932
2026-01-02 10:06:55,53.99,221,11932
2026-01-02 10:06:56,53.99,213,11500
2026-01-02 10:06:57,53.99,227,12256
2026-01-02 10:06:58,53.99,207,11176
2026-01-02 10:06:59,53.99,218,11770
2026-01-02 10:07:00,53.99,216,11662
2026-01-02 10:07:01,53.99,202,10906
2026-01-02 10:07:02,53.99,230,12418
2026-01-02 10:07:03,53.99,216,11662
2026-01-02 10:07:04,53.99,225,12148
2026-01-02 10:07:05,53.99,232,12526
2026-01-02 10:07:06,53.99,249,13444
2026-01-02 10:07:07,53.99,220,11878
2026-01-02 10:07:08,53.99,229,12364
2026-01-02 10:07:09,53.99,221,11932
2026-01-02 10:07:10,53.99,236,12742
2026-01-02 10:07:11,53.99,202,10906
2026-01-02 10:07:12,53.99,241,13012
2026-01-02 10:07:13,53.99,226,12202
2026-01-02 10:07:14,53.99,217,11716
2026-01-02 10:07:15,53.99,208,11230
2026-01-02 10:07:16,53.99,209,11284
2026-01-02 10:07:17,53.99,217,11716
2026-01-02 10:07:18,53.99,226,12202
2026-01-02 10:07:19,53.99,209,11284
2026-01-02 10:07:20,53.99,208,11230
2026-01-02 10:07:21,53.99,209,11284
2026-01-02 10:07:22,53.99,198,10690
2026-01-02 10:07:23,53.99,256,13821
2026-01-02 10:07:24,53.99,210,11338
2026-01-02 10:07:25,53.99,220,11878
2026-01-02 10:07:26,53.99,198,10690
2026-01-02 10:07:27,53.99,240,12958
2026-01-02 10:07:28,53.99,206,11122
2026-01-02 10:07:29,53.99,213,11500
2026-01-02 10:07:30,53.99,204,11014
2026-01-02 10:07:31,53.99,195,10528
2026-01-02 10:07:32,53.99,229,12364
2026-01-02 10:07:33,53.99,221,11932
2026-01-02 10:07:34,53.99,213,11500
2026-01-02 10:07:35,53.99,216,11662
2026-01-02 10:07:36,53.99,211,11392
2026-01-02 10:07:37,53.99,212,11446
2026-01-02 10:07:38,53.99,216,11662
2026-01-02 10:07:39,53.99,203,10960
2026-01-02 10:07:40,53.99,190,10258
2026-01-02 10:07:41,53.99,230,12418
2026-01-02 10:07:42,53.99,215,11608
2026-01-02 10:07:43,53.99,172,9286
2026-01-02 10:07:44,53.99,201,10852
2026-01-02 10:07:45,53.99,206,11122
2026-01-02 10:07:46,53.99,227,12256
2026-01-02 10:07:47,53.99,206,11122
2026-01-02 10:07:48,53.99,239,12904
2026-01-02 10:07:49,53.99,232,12526
2026-01-02 10:07:50,53.99,196,10582
2026-01-02 10:07:51,53.99,206,11122
2026-01-02 10:07:52,53.99,206,11122
2026-01-02 10:07:53,53.99,207,11176
2026-01-02 10:07:54,53.99,209,11284
2026-01-02 10:07:55,53.99,225,12148
2026-01-02 10:07:56,53.99,207,11176
2026-01-02 10:07:57,53.99,209,11284
2026-01-02 10:07:58,53.99,186,10042
2026-01-02 10:07:59,53.99,231,12472
2026-01-02 10:08:00,53.99,177,9556
2026-01-02 10:08:01,53.99,225,12148
2026-01-02 10:08:02,53.99,215,11608
2026-01-02 10:08:03,53.99,202,10906
2026-01-02 10:08:04,53.99,204,11014
2026-01-02 10:08:05,53.99,187,10096
2026-01-02 10:08:06,53.99,223,12040
2026-01-02 10:08:07,53.99,212,11446
2026-01-02 10:08:08,53.99,236,12742
2026-01-02 10:08:09,53.99,201,10852
2026-01-02 10:08:10,53.99,258,13929
2026-01-02 10:08:11,53.99,190,10258
2026-01-02 10:08:12,53.99,224,12094
2026-01-02 10:08:13,53.99,199,10744
2026-01-02 10:08:14,53.99,234,12634
2026-01-02 10:08:15,53.99,210,11338
2026-01-02 10:08:16,53.99,227,12256
2026-01-02 10:08:17,53.99,188,10150
2026-01-02 10:08:18,53.99,207,11176
2026-01-02 10:08:19,53.99,207,11176
2026-01-02 10:08:20,53.99,214,11554
2026-01-02 10:08:21,53.99,200,10798
2026-01-02 10:08:22,53.99,211,11392
2026-01-02 10:08:23,53.99,214,11554
2026-01-02 10:08:24,53.99,205,11068
2026-01-02 10:08:25,53.99,197,10636
2026-01-02 10:08:26,53.99,219,11824
2026-01-02 10:08:27,53.99,220,11878
2026-01-02 10:08:28,53.99,219,11824
2026-01-02 10:08:29,53.99,207,11176
2026-01-02 10:08:30,53.99,189,10204
2026-01-02 10:08:31,53.99,221,11932
2026-01-02 10:08:32,53.99,225,12148
2026-01-02 10:08:33,53.99,228,12310
2026-01-02 10:08:34,53.99,205,11068
2026-01-02 10:08:35,53.99,216,11662
2026-01-02 10:08:36,53.99,229,12364
2026-01-02 10:08:37,53.99,212,11446
2026-01-02 10:08:38,53.99,213,11500
2026-01-02 10:08:39,53.99,210,11338
2026-01-02 10:08:40,53.99,213,11500
2026-01-02 10:08:41,53.99,206,11122
2026-01-02 10:08:42,53.99,203,10960
2026-01-02 10:08:43,53.99,226,12202
2026-01-02 10:08:44,53.99,214,11554
2026-01-02 10:08:45,53.99,214,11554
2026-01-02 10:08:46,53.99,206,11122
2026-01-02 10:08:47,53.99,194,10474
2026-01-02 10:08:48,53.99,208,11230
2026-01-02 10:08:49,53.99,191,10312
2026-01-02 10:08:50,53.99,217,11716
2026-01-02 10:08:51,53.99,201,10852
2026-01-02 10:08:52,53.99,228,12310
2026-01-02 10:08:53,53.99,198,10690
2026-01-02 10:08:54,53.99,195,10528
2026-01-02 10:08:55,53.99,195,10528
2026-01-02 10:08:56,53.99,203,10960
2026-01-02 10:08:57,53.99,233,12580
2026-01-02 10:08:58,53.99,221,11932
2026-01-02 10:08:59,53.99,225,12148
2026-01-02 10:09:00,53.99,197,10636
2026-01-02 10:09:01,53.99,211,11392
2026-01-02 10:09:02,53.99,229,12364
2026-01-02 10:09:03,53.99,216,11662
2026-01-02 10:09:04,53.99,215,11608
2026-01-02 10:09:05,53.99,189,10204
2026-01-02 10:09:06,53.99,224,12094
2026-01-02 10:09:07,53.99,175,9448
2026-01-02 10:09:08,53.99,204,11014
2026-01-02 10:09:09,53.99,201,10852
2026-01-02 10:09:10,53.99,220,11878
2026-01-02 10:09:11,53.99,201,10852
2026-01-02 10:09:12,53.99,196,10582
2026-01-02 10:09:13,53.99,224,12094
2026-01-02 10:09:14,53.99,216,11662
2026-01-02 10:09:15,53.99,215,11608
2026-01-02 10:09:16,53.99,213,11500
2026-01-02 10:09:17,53.99,201,10852
2026-01-02 10:09:18,53.99,176,9502
2026-01-02 10:09:19,53.99,212,11446
2026-01-02 10:09:20,53.99,226,12202
2026-01-02 10:09:21,53.99,209,11284
2026-01-02 10:09:22,53.99,209,11284
2026-01-02 10:09:23,53.99,216,11662
2026-01-02 10:09:24,53.99,215,11608
2026-01-02 10:09:25,53.99,205,11068
2026-01-02 10:09:26,53.99,219,11824
2026-01-02 10:09:27,53.99,209,11284
2026-01-02 10:09:28,53.99,218,11770
2026-01-02 10:09:29,53.99,199,10744
2026-01-02 10:09:30,53.99,215,11608
2026-01-02 10:09:31,53.99,201,10852
2026-01-02 10:09:32,53.99,227,12256
2026-01-02 10:09:33,53.99,196,10582
2026-01-02 10:09:34,53.99,225,12148
2026-01-02 10:09:35,53.99,198,10690
2026-01-02 10:09:36,53.99,200,10798
2026-01-02 10:09:37,53.99,183,9880
2026-01-02 10:09:38,53.99,213,11500
2026-01-02 10:09:39,53.99,213,11500
2026-01-02 10:09:40,53.99,225,12148
2026-01-02 10:09:41,53.99,192,10366
2026-01-02 10:09:42,53.99,224,12094
2026-01-02 10:09:43,53.99,226,12202
2026-01-02 10:09:44,53.99,198,10690
2026-01-02 10:09:45,53.99,225,12148
2026-01-02 10:09:46,53.99,200,10798
2026-01-02 10:09:47,53.99,202,10906
2026-01-02 10:09:48,53.99,218,11770
2026-01-02 10:09:49,53.99,192,10366
2026-01-02 10:09:50,53.99,215,11608
2026-01-02 10:09:51,53.99,205,11068
2026-01-02 10:09:52,53.99,236,12742
2026-01-02 10:09:53,53.99,207,11176
2026-01-02 10:09:54,53.99,184,9934
2026-01-02 10:09:55,53.99,199,10744
2026-01-02 10:09:56,53.99,220,11878
2026-01-02 10:09:57,53.99,213,11500
2026-01-02 10:09:58,53.99,213,11500
2026-01-02 10:09:59,53.99,201,10852
2026-01-02 10:10:00,53.99,212,11446
2026-01-02 10:10:01,53.99,210,11338
2026-01-02 10:10:02,53.99,223,12040
2026-01-02 10:10:03,53.99,198,10690
2026-01-02 10:10:04,53.99,189,10204
2026-01-02 10:10:05,53.99,182,9826
2026-01-02 10:10:06,53.99,194,10474
2026-01-02 10:10:07,53.99,206,11122
2026-01-02 10:10:08,53.99,247,13336
2026-01-02 10:10:09,53.99,173,9340
2026-01-02 10:10:10,53.99,207,11176
2026-01-02 10:10:11,53.99,188,10150
2026-01-02 10:10:12,53.99,200,10798
2026-01-02 10:10:13,53.99,188,10150
2026-01-02 10:10:14,53.99,207,11176
2026-01-02 10:10:15,53.99,219,11824
2026-01-02 10:10:16,53.99,220,11878
2026-01-02 10:10:17,53.99,216,11662
2026-01-02 10:10:18,53.99,210,11338
2026-01-02 10:10:19,53.99,200,10798
2026-01-02 10:10:20,53.99,222,11986
2026-01-02 10:10:21,53.99,213,11500
2026-01-02 10:10:22,53.99,233,12580
2026-01-02 10:10:23,53.99,202,10906
2026-01-02 10:10:24,53.99,230,12418
2026-01-02 10:10:25,53.99,205,11068
2026-01-02 10:10:26,53.99,221,11932
2026-01-02 10:10:27,53.99,215,11608
2026-01-02 10:10:28,53.99,177,9556
2026-01-02 10:10:29,53.99,212,11446
2026-01-02 10:10:30,53.99,225,12148
2026-01-02 10:10:31,53.99,211,11392
2026-01-02 10:10:32,53.99,225,12148
2026-01-02 10:10:33,53.99,221,11932
2026-01-02 10:10:34,53.99,190,10258
2026-01-02 10:10:35,53.99,206,11122
2026-01-02 10:10:36,53.99,213,11500
2026-01-02 10:10:37,53.99,196,10582
2026-01-02 10:10:38,53.99,202,10906
2026-01-02 10:10:39,53.99,178,9610
2026-01-02 10:10:40,53.99,183,9880
2026-01-02 10:10:41,53.99,204,11014
2026-01-02 10:10:42,53.99,211,11392
2026-01-02 10:10:43,53.99,221,11932
2026-01-02 10:10:44,53.99,205,11068
2026-01-02 10:10:45,53.99,205,11068
2026-01-02 10:10:46,53.99,197,10636
2026-01-02 10:10:47,53.99,228,12310
2026-01-02 10:10:48,53.99,214,11554
2026-01-02 10:10:49,53.99,215,11608
2026-01-02 10:10:50,53.99,216,11662
2026-01-02 10:10:51,53.99,206,11122
2026-01-02 10:10:52,53.99,201,10852
2026-01-02 10:10:53,53.99,203,10960
2026-01-02 10:10:54,53.99,218,11770
2026-01-02 10:10:55,53.99,220,11878
2026-01-02 10:10:56,53.99,203,10960
2026-01-02 10:10:57,53.99,210,11338
2026-01-02 10:10:58,53.99,213,11500
2026-01-02 10:10:59,53.99,199,10744
2026-01-02 10:11:00,53.99,207,11176
2026-01-02 10:11:01,53.99,219,11824
2026-01-02 10:11:02,53.99,200,10798
2026-01-02 10:11:03,53.99,195,10528
2026-01-02 10:11:04,53.99,203,10960
2026-01-02 10:11:05,53.99,202,10906
2026-01-02 10:11:06,53.99,176,9502
2026-01-02 10:11:07,53.99,199,10744
2026-01-02 10:11:08,53.99,239,12904
2026-01-02 10:11:09,53.99,212,11446
2026-01-02 10:11:10,53.99,175,9448
2026-01-02 10:11:11,53.99,200,10798
2026-01-02 10:11:12,53.99,194,10474
2026-01-02 10:11:13,53.99,203,10960
2026-01-02 10:11:14,53.99,217,11716
2026-01-02 10:11:15,53.99,201,10852
2026-01-02 10:11:16,53.99,182,9826
2026-01-02 10:11:17,53.99,202,10906
2026-01-02 10:11:18,53.99,206,11122
2026-01-02 10:11:19,53.99,188,10150
2026-01-02 10:11:20,53.99,198,10690
2026-01-02 10:11:21,53.99,220,11878
2026-01-02 10:11:22,53.99,234,12634
2026-01-02 10:11:23,53.99,198,10690
2026-01-02 10:11:24,53.99,202,10906
2026-01-02 10:11:25,53.99,248,13390
2026-01-02 10:11:26,53.99,191,10312
2026-01-02 10:11:27,53.99,211,11392
2026-01-02 10:11:28,53.99,213,11500
2026-01-02 10:11:29,53.99,211,11392
2026-01-02 10:11:30,53.99,193,10420
2026-01-02 10:11:31,53.99,199,10744
2026-01-02 10:11:32,53.99,192,10366
2026-01-02 10:11:33,53.99,222,11986
2026-01-02 10:11:34,53.99,202,10906
2026-01-02 10:11:35,53.99,232,12526
2026-01-02 10:11:36,53.99,202,10906
2026-01-02 10:11:37,53.99,204,11014
2026-01-02 10:11:38,53.99,199,10744
2026-01-02 10:11:39,53.99,237,12796
2026-01-02 10:11:40,53.99,201,10852
2026-01-02 10:11:41,53.99,200,10798
2026-01-02 10:11:42,53.99,199,10744
2026-01-02 10:11:43,53.99,187,10096
2026-01-02 10:11:44,53.99,185,9988
2026-01-02 10:11:45,53.99,195,10528
2026-01-02 10:11:46,53.99,199,10744
2026-01-02 10:11:47,53.99,218,11770
2026-01-02 10:11:48,53.99,211,11392
2026-01-02 10:11:49,53.99,216,11662
2026-01-02 10:11:50,53.99,216,11662
2026-01-02 10:11:51,53.99,214,11554
2026-01-02 10:11:52,53.99,181,9772
2026-01-02 10:11:53,53.99,196,10582
2026-01-02 10:11:54,53.99,173,9340
2026-01-02 10:11:55,53.99,206,11122
2026-01-02 10:11:56,53.99,215,11608
2026-01-02 10:11:57,53.99,180,9718
2026-01-02 10:11:58,53.99,195,10528
2026-01-02 10:11:59,53.99,233,12580
2026-01-02 10:12:00,53.99,211,11392
2026-01-02 10:12:01,53.99,189,10204
2026-01-02 10:12:02,53.99,219,11824
2026-01-02 10:12:03,53.99,209,11284
2026-01-02 10:12:04,53.99,218,11770
2026-01-02 10:12:05,53.99,211,11392
2026-01-02 10:12:06,53.99,192,10366
2026-01-02 10:12:07,53.99,208,11230
2026-01-02 10:12:08,53.99,220,11878
2026-01-02 10:12:09,53.99,223,12040
2026-01-02 10:12:10,53.99,214,11554
2026-01-02 10:12:11,53.99,201,10852
2026-01-02 10:12:12,53.99,191,10312
2026-01-02 10:12:13,53.99,201,10852
2026-01-02 10:12:14,53.99,207,11176
2026-01-02 10:12:15,53.99,196,10582
2026-01-02 10:12:16,53.99,223,12040
2026-01-02 10:12:17,53.99,209,11284
2026-01-02 10:12:18,53.99,201,10852
2026-01-02 10:12:19,53.99,197,10636
2026-01-02 10:12:20,53.99,212,11446
2026-01-02 10:12:21,53.99,213,11500
2026-01-02 10:12:22,53.99,190,10258
2026-01-02 10:12:23,53.99,212,11446
2026-01-02 10:12:24,53.99,208,11230
2026-01-02 10:12:25,53.99,211,11392
2026-01-02 10:12:26,53.99,202,10906
2026-01-02 10:12:27,53.99,197,10636
2026-01-02 10:12:28,53.99,175,9448
2026-01-02 10:12:29,53.99,224,12094
2026-01-02 10:12:30,53.99,189,10204
2026-01-02 10:12:31,53.99,217,11716
2026-01-02 10:12:32,53.99,220,11878
2026-01-02 10:12:33,53.99,223,12040
2026-01-02 10:12:34,53.99,209,11284
2026-01-02 10:12:35,53.99,203,10960
2026-01-02 10:12:36,53.99,204,11014
2026-01-02 10:12:37,53.99,183,9880
2026-01-02 10:12:38,53.99,224,12094
2026-01-02 10:12:39,53.99,199,10744
2026-01-02 10:12:40,53.99,203,10960
2026-01-02 10:12:41,53.99,217,11716
2026-01-02 10:12:42,53.99,184,9934
2026-01-02 10:12:43,53.99,184,9934
2026-01-02 10:12:44,53.99,234,12634
2026-01-02 10:12:45,53.99,184,9934
2026-01-02 10:12:46,53.99,190,10258
2026-01-02 10:12:47,53.99,184,9934
2026-01-02 10:12:48,53.99,179,9664
2026-01-02 10:12:49,53.99,207,11176
2026-01-02 10:12:50,53.99,207,11176
2026-01-02 10:12:51,53.99,198,10690
2026-01-02 10:12:52,53.99,193,10420
2026-01-02 10:12:53,53.99,187,10096
2026-01-02 10:12:54,53.99,217,11716
2026-01-02 10:12:55,53.99,212,11446
2026-01-02 10:12:56,53.99,209,11284
2026-01-02 10:12:57,53.99,197,10636
2026-01-02 10:12:58,53.99,190,10258
2026-01-02 10:12:59,53.99,184,9934
2026-01-02 10:13:00,53.99,214,11554
2026-01-02 10:13:01,53.99,209,11284
2026-01-02 10:13:02,53.99,191,10312
2026-01-02 10:13:03,53.99,197,10636
2026-01-02 10:13:04,53.99,196,10582
2026-01-02 10:13:05,53.99,202,10906
2026-01-02 10:13:06,53.99,200,10798
2026-01-02 10:13:07,53.99,206,11122
2026-01-02 10:13:08,53.99,188,10150
2026-01-02 10:13:09,53.99,212,11446
2026-01-02 10:13:10,53.99,200,10798
2026-01-02 10:13:11,53.99,225,12148
2026-01-02 10:13:12,53.99,202,10906
2026-01-02 10:13:13,53.99,171,9232
2026-01-02 10:13:14,53.99,179,9664
2026-01-02 10:13:15,53.99,224,12094
2026-01-02 10:13:16,53.99,188,10150
2026-01-02 10:13:17,53.99,193,10420
2026-01-02 10:13:18,53.99,212,11446
2026-01-02 10:13:19,53.99,192,10366
2026-01-02 10:13:20,53.99,207,11176
2026-01-02 10:13:21,53.99,181,9772
2026-01-02 10:13:22,53.99,213,11500
2026-01-02 10:13:23,53.99,221,11932
2026-01-02 10:13:24,53.99,195,10528
2026-01-02 10:13:25,53.99,205,11068
2026-01-02 10:13:26,53.99,211,11392
2026-01-02 10:13:27,53.99,228,12310
2026-01-02 10:13:28,53.99,215,11608
2026-01-02 10:13:29,53.99,208,11230
2026-01-02 10:13:30,53.99,187,10096
2026-01-02 10:13:31,53.99,211,11392
2026-01-02 10:13:32,53.99,212,11446
2026-01-02 10:13:33,53.99,176,9502
2026-01-02 10:13:34,53.99,203,10960
2026-01-02 10:13:35,53.99,209,11284
2026-01-02 10:13:36,53.99,233,12580
2026-01-02 10:13:37,53.99,181,9772
2026-01-02 10:13:38,53.99,210,11338
2026-01-02 10:13:39,53.99,224,12094
2026-01-02 10:13:40,53.99,230,12418
2026-01-02 10:13:41,53.99,211,11392
2026-01-02 10:13:42,53.99,213,11500
2026-01-02 10:13:43,53.99,188,10150
2026-01-02 10:13:44,53.99,181,9772
2026-01-02 10:13:45,53.99,204,11014
2026-01-02 10:13:46,53.99,172,9286
2026-01-02 10:13:47,53.99,212,11446
2026-01-02 10:13:48,53.99,182,9826
2026-01-02 10:13:49,53.99,219,11824
2026-01-02 10:13:50,53.99,238,12850
2026-01-02 10:13:51,53.99,205,11068
2026-01-02 10:13:52,53.99,196,10582
2026-01-02 10:13:53,53.99,190,10258
2026-01-02 10:13:54,53.99,207,11176
2026-01-02 10:13:55,53.99,182,9826
2026-01-02 10:13:56,53.99,220,11878
2026-01-02 10:13:57,53.99,215,11608
2026-01-02 10:13:58,53.99,192,10366
2026-01-02 10:13:59,53.99,195,10528
2026-01-02 10:14:00,53.99,236,12742
2026-01-02 10:14:01,53.99,206,11122
2026-01-02 10:14:02,53.99,189,10204
2026-01-02 10:14:03,53.99,219,11824
2026-01-02 10:14:04,53.99,204,11014
2026-01-02 10:14:05,53.99,214,11554
2026-01-02 10:14:06,53.99,193,10420
2026-01-02 10:14:07,53.99,179,9664
2026-01-02 10:14:08,53.99,184,9934
2026-01-02 10:14:09,53.99,197,10636
2026-01-02 10:14:10,53.99,204,11014
2026-01-02 10:14:11,53.99,185,9988
2026-01-02 10:14:12,53.99,212,11446
2026-01-02 10:14:13,53.99,202,10906
2026-01-02 10:14:14,53.99,206,11122
2026-01-02 10:14:15,53.99,186,10042
2026-01-02 10:14:16,53.99,230,12418
2026-01-02 10:14:17,53.99,191,10312
2026-01-02 10:14:18,53.99,192,10366
2026-01-02 10:14:19,53.99,181,9772
2026-01-02 10:14:20,53.99,203,10960
2026-01-02 10:14:21,53.99,199,10744
2026-01-02 10:14:22,53.99,201,10852
2026-01-02 10:14:23,53.99,206,11122
2026-01-02 10:14:24,53.99,193,10420
2026-01-02 10:14:25,53.99,197,10636
2026-01-02 10:14:26,53.99,193,10420
2026-01-02 10:14:27,53.99,194,10474
2026-01-02 10:14:28,53.99,196,10582
2026-01-02 10:14:29,53.99,208,11230
2026-01-02 10:14:30,53.99,196,10582
2026-01-02 10:14:31,53.99,191,10312
2026-01-02 10:14:32,53.99,201,10852
2026-01-02 10:14:33,53.99,210,11338
2026-01-02 10:14:34,53.99,185,9988
2026-01-02 10:14:35,53.99,225,12148
2026-01-02 10:14:36,53.99,198,10690
2026-01-02 10:14:37,53.99,188,10150
2026-01-02 10:14:38,53.99,164,8854
2026-01-02 10:14:39,53.99,184,9934
2026-01-02 10:14:40,53.99,204,11014
2026-01-02 10:14:41,53.99,200,10798
2026-01-02 10:14:42,53.99,188,10150
2026-01-02 10:14:43,53.99,193,10420
2026-01-02 10:14:44,53.99,190,10258
2026-01-02 10:14:45,53.99,203,10960
2026-01-02 10:14:46,53.99,176,9502
2026-01-02 10:14:47,53.99,191,10312
2026-01-02 10:14:48,53.99,183,9880
2026-01-02 10:14:49,53.99,201,10852
2026-01-02 10:14:50,53.99,223,12040
2026-01-02 10:14:51,53.99,186,10042
2026-01-02 10:14:52,53.99,184,9934
2026-01-02 10:14:53,53.99,182,9826
2026-01-02 10:14:54,53.99,189,10204
2026-01-02 10:14:55,53.99,199,10744
2026-01-02 10:14:56,53.99,188,10150
2026-01-02 10:14:57,53.99,219,11824
2026-01-02 10:14:58,53.99,206,11122
2026-01-02 10:14:59,53.99,182,9826
2026-01-02 10:15:00,53.99,198,10690
2026-01-02 10:15:01,53.99,209,11284
2026-01-02 10:15:02,53.99,187,10096
2026-01-02 10:15:03,53.99,215,11608
2026-01-02 10:15:04,53.99,195,10528
2026-01-02 10:15:05,53.99,190,10258
2026-01-02 10:15:06,53.99,178,9610
2026-01-02 10:15:07,53.99,209,11284
2026-01-02 10:15:08,53.99,189,10204
2026-01-02 10:15:09,53.99,195,10528
2026-01-02 10:15:10,53.99,228,12310
2026-01-02 10:15:11,53.99,181,9772
2026-01-02 10:15:12,53.99,188,10150
2026-01-02 10:15:13,53.99,186,10042
2026-01-02 10:15:14,53.99,199,10744
2026-01-02 10:15:15,53.99,193,10420
2026-01-02 10:15:16,53.99,178,9610
2026-01-02 10:15:17,53.99,203,10960
2026-01-02 10:15:18,53.99,183,9880
2026-01-02 10:15:19,53.99,219,11824
2026-01-02 10:15:20,53.99,214,11554
2026-01-02 10:15:21,53.99,198,10690
2026-01-02 10:15:22,53.99,193,10420
2026-01-02 10:15:23,53.99,209,11284
2026-01-02 10:15:24,53.99,200,10798
2026-01-02 10:15:25,53.99,185,9988
2026-01-02 10:15:26,53.99,191,10312
2026-01-02 10:15:27,53.99,204,11014
2026-01-02 10:15:28,53.99,187,10096
2026-01-02 10:15:29,53.99,208,11230
2026-01-02 10:15:30,53.99,196,10582
2026-01-02 10:15:31,53.99,194,10474
2026-01-02 10:15:32,53.99,199,10744
2026-01-02 10:15:33,53.99,181,9772
2026-01-02 10:15:34,53.99,197,10636
2026-01-02 10:15:35,53.99,207,11176
2026-01-02 10:15:36,53.99,206,11122
2026-01-02 10:15:37,53.99,205,11068
2026-01-02 10:15:38,53.99,196,10582
2026-01-02 10:15:39,53.99,190,10258
2026-01-02 10:15:40,53.99,200,10798
2026-01-02 10:15:41,53.99,187,10096
2026-01-02 10:15:42,53.99,201,10852
2026-01-02 10:15:43,53.99,204,11014
2026-01-02 10:15:44,53.99,210,11338
2026-01-02 10:15:45,53.99,184,9934
2026-01-02 10:15:46,53.99,204,11014
2026-01-02 10:15:47,53.99,191,10312
2026-01-02 10:15:48,53.99,206,11122
2026-01-02 10:15:49,53.99,188,10150
2026-01-02 10:15:50,53.99,198,10690
2026-01-02 10:15:51,53.99,199,10744
2026-01-02 10:15:52,53.99,183,9880
2026-01-02 10:15:53,53.99,199,10744
2026-01-02 10:15:54,53.99,210,11338
2026-01-02 10:15:55,53.99,206,11122
2026-01-02 10:15:56,53.99,238,12850
2026-01-02 10:15:57,53.99,217,11716
2026-01-02 10:15:58,53.99,208,11230
2026-01-02 10:15:59,53.99,206,11122
2026-01-02 10:16:00,53.99,210,11338
2026-01-02 10:16:01,53.99,203,10960
2026-01-02 10:16:02,53.99,190,10258
2026-01-02 10:16:03,53.99,202,10906
2026-01-02 10:16:04,53.99,235,12688
2026-01-02 10:16:05,53.99,196,10582
2026-01-02 10:16:06,53.99,208,11230
2026-01-02 10:16:07,53.99,182,9826
2026-01-02 10:16:08,53.99,192,10366
2026-01-02 10:16:09,53.99,216,11662
2026-01-02 10:16:10,53.99,182,9826
2026-01-02 10:16:11,53.99,216,11662
2026-01-02 10:16:12,53.99,210,11338
2026-01-02 10:16:13,53.99,209,11284
2026-01-02 10:16:14,53.99,207,11176
2026-01-02 10:16:15,53.99,181,9772
2026-01-02 10:16:16,53.99,187,10096
2026-01-02 10:16:17,53.99,203,10960
