timestamp,price,volume,amount
2026-01-02 09:30:00,396.97,592,235006
2026-01-02 09:30:01,398.15,602,239686
2026-01-02 09:30:02,396.31,631,250072
2026-01-02 09:30:03,397.32,608,241571
2026-01-02 09:30:04,396.47,636,252155
2026-01-02 09:30:05,392.64,601,235977
2026-01-02 09:30:06,396.16,628,248788
2026-01-02 09:30:07,394.92,596,235372
2026-01-02 09:30:08,399.56,668,266906
2026-01-02 09:30:09,399.60,601,240160
2026-01-02 09:30:10,399.60,610,243756
2026-01-02 09:30:11,399.60,599,239360
2026-01-02 09:30:12,399.60,617,246553
2026-01-02 09:30:13,399.60,597,238561
2026-01-02 09:30:14,399.60,593,236963
2026-01-02 09:30:15,399.60,646,258142
2026-01-02 09:30:16,399.60,606,242158
2026-01-02 09:30:17,399.60,614,245354
2026-01-02 09:30:18,399.60,614,245354
2026-01-02 09:30:19,399.60,569,227372
2026-01-02 09:30:20,399.60,548,218981
2026-01-02 09:30:21,399.60,619,247352
2026-01-02 09:30:22,399.60,584,233366
2026-01-02 09:30:23,399.60,613,244955
2026-01-02 09:30:24,399.60,576,230170
2026-01-02 09:30:25,399.60,592,236563
2026-01-02 09:30:26,399.60,570,227772
2026-01-02 09:30:27,399.60,566,226174
2026-01-02 09:30:28,399.60,572,228571
2026-01-02 09:30:29,399.60,575,229770
2026-01-02 09:30:30,399.60,589,235364
2026-01-02 09:30:31,399.60,615,245754
2026-01-02 09:30:32,399.60,606,242158
2026-01-02 09:30:33,399.60,632,252547
2026-01-02 09:30:34,399.60,618,246953
2026-01-02 09:30:35,399.60,582,232567
2026-01-02 09:30:36,399.60,596,238162
2026-01-02 09:30:37,399.60,630,251748
2026-01-02 09:30:38,399.60,612,244555
2026-01-02 09:30:39,399.60,603,240959
2026-01-02 09:30:40,399.60,604,241358
2026-01-02 09:30:41,399.60,608,242957
2026-01-02 09:30:42,399.60,577,230569
2026-01-02 09:30:43,399.60,566,226174
2026-01-02 09:30:44,399.60,619,247352
2026-01-02 09:30:45,399.60,633,252947
2026-01-02 09:30:46,399.60,595,237762
2026-01-02 09:30:47,399.60,607,242557
2026-01-02 09:30:48,399.60,604,241358
2026-01-02 09:30:49,399.60,629,251348
2026-01-02 09:30:50,399.60,611,244156
2026-01-02 09:30:51,399.60,621,248152
2026-01-02 09:30:52,399.60,616,246154
2026-01-02 09:30:53,399.60,630,251748
2026-01-02 09:30:54,399.60,628,250949
2026-01-02 09:30:55,399.60,613,244955
2026-01-02 09:30:56,399.60,558,222977
2026-01-02 09:30:57,399.60,630,251748
2026-01-02 09:30:58,399.60,592,236563
2026-01-02 09:30:59,399.60,580,231768
2026-01-02 09:31:00,399.60,570,227772
2026-01-02 09:31:01,399.60,567,226573
2026-01-02 09:31:02,399.60,567,226573
2026-01-02 09:31:03,399.60,635,253746
2026-01-02 09:31:04,399.60,603,240959
2026-01-02 09:31:05,399.60,597,238561
2026-01-02 09:31:06,399.60,613,244955
2026-01-02 09:31:07,399.60,605,241758
2026-01-02 09:31:08,399.60,594,237362
2026-01-02 09:31:09,399.60,542,216583
2026-01-02 09:31:10,399.60,607,242557
2026-01-02 09:31:11,399.60,607,242557
2026-01-02 09:31:12,399.60,575,229770
2026-01-02 09:31:13,399.60,559,223376
2026-01-02 09:31:14,399.60,605,241758
2026-01-02 09:31:15,399.60,584,233366
2026-01-02 09:31:16,399.60,624,249350
2026-01-02 09:31:17,399.60,653,260939
2026-01-02 09:31:18,399.60,642,256543
2026-01-02 09:31:19,399.60,613,244955
2026-01-02 09:31:20,399.60,643,256943
2026-01-02 09:31:21,399.60,645,257742
2026-01-02 09:31:22,399.60,594,237362
2026-01-02 09:31:23,399.60,587,234565
2026-01-02 09:31:24,399.60,606,242158
2026-01-02 09:31:25,399.60,593,236963
2026-01-02 09:31:26,399.60,615,245754
2026-01-02 09:31:27,399.60,567,226573
2026-01-02 09:31:28,399.60,605,241758
2026-01-02 09:31:29,399.60,608,242957
2026-01-02 09:31:30,399.60,578,230969
2026-01-02 09:31:31,399.60,607,242557
2026-01-02 09:31:32,399.60,638,254945
2026-01-02 09:31:33,399.60,596,238162
2026-01-02 09:31:34,399.60,614,245354
2026-01-02 09:31:35,399.60,633,252947
2026-01-02 09:31:36,399.60,579,231368
2026-01-02 09:31:37,399.60,598,238961
2026-01-02 09:31:38,399.60,613,244955
2026-01-02 09:31:39,399.60,600,239760
2026-01-02 09:31:40,399.60,635,253746
2026-01-02 09:31:41,399.60,602,240559
2026-01-02 09:31:42,399.60,594,237362
2026-01-02 09:31:43,399.60,591,236164
2026-01-02 09:31:44,399.60,622,248551
2026-01-02 09:31:45,399.60,622,248551
2026-01-02 09:31:46,399.60,580,231768
2026-01-02 09:31:47,399.60,589,235364
2026-01-02 09:31:48,399.60,580,231768
2026-01-02 09:31:49,399.60,579,231368
2026-01-02 09:31:50,399.60,612,244555
2026-01-02 09:31:51,399.60,613,244955
2026-01-02 09:31:52,399.60,617,246553
2026-01-02 09:31:53,399.60,622,248551
2026-01-02 09:31:54,399.60,609,243356
2026-01-02 09:31:55,399.60,588,234965
2026-01-02 09:31:56,399.60,612,244555
2026-01-02 09:31:57,399.60,620,247752
2026-01-02 09:31:58,399.60,570,227772
2026-01-02 09:31:59,399.60,647,258541
2026-01-02 09:32:00,399.60,622,248551
2026-01-02 09:32:01,399.60,599,239360
2026-01-02 09:32:02,399.60,569,227372
2026-01-02 09:32:03,399.60,569,227372
2026-01-02 09:32:04,399.60,567,226573
2026-01-02 09:32:05,399.60,610,243756
2026-01-02 09:32:06,399.60,578,230969
2026-01-02 09:32:07,399.60,589,235364
2026-01-02 09:32:08,399.60,580,231768
2026-01-02 09:32:09,399.60,597,238561
2026-01-02 09:32:10,399.60,595,237762
2026-01-02 09:32:11,399.60,611,244156
2026-01-02 09:32:12,399.60,605,241758
2026-01-02 09:32:13,399.60,560,223776
2026-01-02 09:32:14,399.60,584,233366
2026-01-02 09:32:15,399.60,589,235364
2026-01-02 09:32:16,399.60,589,235364
2026-01-02 09:32:17,399.60,596,238162
2026-01-02 09:32:18,399.60,595,237762
2026-01-02 09:32:19,399.60,582,232567
2026-01-02 09:32:20,399.60,565,225774
2026-01-02 09:32:21,399.60,623,248951
2026-01-02 09:32:22,399.60,580,231768
2026-01-02 09:32:23,399.60,604,241358
2026-01-02 09:32:24,399.60,603,240959
2026-01-02 09:32:25,399.60,592,236563
2026-01-02 09:32:26,399.60,587,234565
2026-01-02 09:32:27,399.60,576,230170
2026-01-02 09:32:28,399.60,605,241758
2026-01-02 09:32:29,399.60,567,226573
2026-01-02 09:32:30,399.60,609,243356
2026-01-02 09:32:31,399.60,587,234565
2026-01-02 09:32:32,399.60,581,232168
2026-01-02 09:32:33,399.60,620,247752
2026-01-02 09:32:34,399.60,589,235364
2026-01-02 09:32:35,399.60,631,252148
2026-01-02 09:32:36,399.60,585,233766
2026-01-02 09:32:37,399.60,580,231768
2026-01-02 09:32:38,399.60,626,250150
2026-01-02 09:32:39,399.60,547,218581
2026-01-02 09:32:40,399.60,579,231368
2026-01-02 09:32:41,399.60,584,233366
2026-01-02 09:32:42,399.60,597,238561
2026-01-02 09:32:43,399.60,576,230170
2026-01-02 09:32:44,399.60,585,233766
2026-01-02 09:32:45,399.60,601,240160
2026-01-02 09:32:46,399.60,589,235364
2026-01-02 09:32:47,399.60,592,236563
2026-01-02 09:32:48,399.60,587,234565
2026-01-02 09:32:49,399.60,622,248551
2026-01-02 09:32:50,399.60,601,240160
2026-01-02 09:32:51,399.60,610,243756
2026-01-02 09:32:52,399.60,564,225374
2026-01-02 09:32:53,399.60,593,236963
2026-01-02 09:32:54,399.60,601,240160
2026-01-02 09:32:55,399.60,582,232567
2026-01-02 09:32:56,399.60,597,238561
2026-01-02 09:32:57,399.60,627,250549
2026-01-02 09:32:58,399.60,581,232168
2026-01-02 09:32:59,399.60,586,234166
2026-01-02 09:33:00,399.60,564,225374
2026-01-02 09:33:01,399.60,620,247752
2026-01-02 09:33:02,399.60,618,246953
2026-01-02 09:33:03,399.60,622,248551
2026-01-02 09:33:04,399.60,616,246154
2026-01-02 09:33:05,399.60,543,216983
2026-01-02 09:33:06,399.60,571,228172
2026-01-02 09:33:07,399.60,584,233366
2026-01-02 09:33:08,399.60,618,246953
2026-01-02 09:33:09,399.60,571,228172
2026-01-02 09:33:10,399.60,589,235364
2026-01-02 09:33:11,399.60,575,229770
2026-01-02 09:33:12,399.60,582,232567
2026-01-02 09:33:13,399.60,581,232168
2026-01-02 09:33:14,399.60,590,235764
2026-01-02 09:33:15,399.60,560,223776
2026-01-02 09:33:16,399.60,590,235764
2026-01-02 09:33:17,399.60,608,242957
2026-01-02 09:33:18,399.60,559,223376
2026-01-02 09:33:19,399.60,576,230170
2026-01-02 09:33:20,399.60,571,228172
2026-01-02 09:33:21,399.60,588,234965
2026-01-02 09:33:22,399.60,605,241758
2026-01-02 09:33:23,399.60,599,239360
2026-01-02 09:33:24,399.60,611,244156
2026-01-02 09:33:25,399.60,610,243756
2026-01-02 09:33:26,399.60,554,221378
2026-01-02 09:33:27,399.60,567,226573
2026-01-02 09:33:28,399.60,589,235364
2026-01-02 09:33:29,399.60,584,233366
2026-01-02 09:33:30,399.60,562,224575
2026-01-02 09:33:31,399.60,579,231368
2026-01-02 09:33:32,399.60,556,222178
2026-01-02 09:33:33,399.60,555,221778
2026-01-02 09:33:34,399.60,626,250150
2026-01-02 09:33:35,399.60,590,235764
2026-01-02 09:33:36,399.60,554,221378
2026-01-02 09:33:37,399.60,571,228172
2026-01-02 09:33:38,399.60,583,232967
2026-01-02 09:33:39,399.60,593,236963
2026-01-02 09:33:40,399.60,549,219380
2026-01-02 09:33:41,399.60,580,231768
2026-01-02 09:33:42,399.60,604,241358
2026-01-02 09:33:43,399.60,613,244955
2026-01-02 09:33:44,399.60,544,217382
2026-01-02 09:33:45,399.60,557,222577
2026-01-02 09:33:46,399.60,555,221778
2026-01-02 09:33:47,399.60,558,222977
2026-01-02 09:33:48,399.60,558,222977
2026-01-02 09:33:49,399.60,570,227772
2026-01-02 09:33:50,399.60,580,231768
2026-01-02 09:33:51,399.60,592,236563
2026-01-02 09:33:52,399.60,610,243756
2026-01-02 09:33:53,399.60,580,231768
2026-01-02 09:33:54,399.60,572,228571
2026-01-02 09:33:55,399.60,622,248551
2026-01-02 09:33:56,399.60,594,237362
2026-01-02 09:33:57,399.60,562,224575
2026-01-02 09:33:58,399.60,566,226174
2026-01-02 09:33:59,399.60,559,223376
2026-01-02 09:34:00,399.60,557,222577
2026-01-02 09:34:01,399.60,588,234965
2026-01-02 09:34:02,399.60,584,233366
2026-01-02 09:34:03,399.60,568,226973
2026-01-02 09:34:04,399.60,580,231768
2026-01-02 09:34:05,399.60,635,253746
2026-01-02 09:34:06,399.60,591,236164
2026-01-02 09:34:07,399.60,569,227372
2026-01-02 09:34:08,399.60,568,226973
2026-01-02 09:34:09,399.60,601,240160
2026-01-02 09:34:10,399.60,557,222577
2026-01-02 09:34:11,399.60,554,221378
2026-01-02 09:34:12,399.60,556,222178
2026-01-02 09:34:13,399.60,559,223376
2026-01-02 09:34:14,399.60,600,239760
2026-01-02 09:34:15,399.60,599,239360
2026-01-02 09:34:16,399.60,570,227772
2026-01-02 09:34:17,399.60,591,236164
2026-01-02 09:34:18,399.60,644,257342
2026-01-02 09:34:19,399.60,608,242957
2026-01-02 09:34:20,399.60,567,226573
2026-01-02 09:34:21,399.60,542,216583
2026-01-02 09:34:22,399.60,552,220579
2026-01-02 09:34:23,399.60,572,228571
2026-01-02 09:34:24,399.60,583,232967
2026-01-02 09:34:25,399.60,559,223376
2026-01-02 09:34:26,399.60,593,236963
2026-01-02 09:34:27,399.60,619,247352
2026-01-02 09:34:28,399.60,542,216583
2026-01-02 09:34:29,399.60,563,224975
2026-01-02 09:34:30,399.60,565,225774
2026-01-02 09:34:31,399.60,579,231368
2026-01-02 09:34:32,399.60,587,234565
2026-01-02 09:34:33,399.60,593,236963
2026-01-02 09:34:34,399.60,604,241358
2026-01-02 09:34:35,399.60,563,224975
2026-01-02 09:34:36,399.60,594,237362
2026-01-02 09:34:37,399.60,588,234965
2026-01-02 09:34:38,399.60,574,229370
2026-01-02 09:34:39,399.60,550,219780
2026-01-02 09:34:40,399.60,578,230969
2026-01-02 09:34:41,399.60,562,224575
2026-01-02 09:34:42,399.60,542,216583
2026-01-02 09:34:43,399.60,562,224575
2026-01-02 09:34:44,399.60,600,239760
2026-01-02 09:34:45,399.60,577,230569
2026-01-02 09:34:46,399.60,562,224575
2026-01-02 09:34:47,399.60,604,241358
2026-01-02 09:34:48,399.60,569,227372
2026-01-02 09:34:49,399.60,579,231368
2026-01-02 09:34:50,399.60,620,247752
2026-01-02 09:34:51,399.60,556,222178
2026-01-02 09:34:52,399.60,603,240959
2026-01-02 09:34:53,399.60,563,224975
2026-01-02 09:34:54,399.60,533,212987
2026-01-02 09:34:55,399.60,584,233366
2026-01-02 09:34:56,399.60,584,233366
2026-01-02 09:34:57,399.60,573,228971
2026-01-02 09:34:58,399.60,557,222577
2026-01-02 09:34:59,399.60,598,238961
2026-01-02 09:35:00,399.60,589,235364
2026-01-02 09:35:01,399.60,581,232168
2026-01-02 09:35:02,399.60,597,238561
2026-01-02 09:35:03,399.60,614,245354
2026-01-02 09:35:04,399.60,556,222178
2026-01-02 09:35:05,399.60,576,230170
2026-01-02 09:35:06,399.60,585,233766
2026-01-02 09:35:07,399.60,581,232168
2026-01-02 09:35:08,399.60,563,224975
2026-01-02 09:35:09,399.60,573,228971
2026-01-02 09:35:10,399.60,554,221378
2026-01-02 09:35:11,399.60,533,212987
2026-01-02 09:35:12,399.60,573,228971
2026-01-02 09:35:13,399.60,576,230170
2026-01-02 09:35:14,399.60,608,242957
2026-01-02 09:35:15,399.60,606,242158
2026-01-02 09:35:16,399.60,586,234166
2026-01-02 09:35:17,399.60,540,215784
2026-01-02 09:35:18,399.60,603,240959
2026-01-02 09:35:19,399.60,559,223376
2026-01-02 09:35:20,399.60,584,233366
2026-01-02 09:35:21,399.60,611,244156
2026-01-02 09:35:22,399.60,581,232168
2026-01-02 09:35:23,399.60,542,216583
2026-01-02 09:35:24,399.60,566,226174
2026-01-02 09:35:25,399.60,567,226573
2026-01-02 09:35:26,399.60,556,222178
2026-01-02 09:35:27,399.60,556,222178
2026-01-02 09:35:28,399.60,568,226973
2026-01-02 09:35:29,399.60,586,234166
2026-01-02 09:35:30,399.60,590,235764
2026-01-02 09:35:31,399.60,581,232168
2026-01-02 09:35:32,399.60,550,219780
2026-01-02 09:35:33,399.60,565,225774
2026-01-02 09:35:34,399.60,595,237762
2026-01-02 09:35:35,399.60,555,221778
2026-01-02 09:35:36,399.60,562,224575
2026-01-02 09:35:37,399.60,609,243356
2026-01-02 09:35:38,399.60,574,229370
2026-01-02 09:35:39,399.60,522,208591
2026-01-02 09:35:40,399.60,612,244555
2026-01-02 09:35:41,399.60,538,214985
2026-01-02 09:35:42,399.60,571,228172
2026-01-02 09:35:43,399.60,552,220579
2026-01-02 09:35:44,399.60,557,222577
2026-01-02 09:35:45,399.60,549,219380
2026-01-02 09:35:46,399.60,549,219380
2026-01-02 09:35:47,399.60,554,221378
2026-01-02 09:35:48,399.60,626,250150
2026-01-02 09:35:49,399.60,576,230170
2026-01-02 09:35:50,399.60,544,217382
2026-01-02 09:35:51,399.60,569,227372
2026-01-02 09:35:52,399.60,555,221778
2026-01-02 09:35:53,399.60,553,220979
2026-01-02 09:35:54,399.60,587,234565
2026-01-02 09:35:55,399.60,551,220180
2026-01-02 09:35:56,399.60,583,232967
2026-01-02 09:35:57,399.60,584,233366
2026-01-02 09:35:58,399.60,590,235764
2026-01-02 09:35:59,399.60,604,241358
2026-01-02 09:36:00,399.60,587,234565
2026-01-02 09:36:01,399.60,556,222178
2026-01-02 09:36:02,399.60,617,246553
2026-01-02 09:36:03,399.60,580,231768
2026-01-02 09:36:04,399.60,558,222977
2026-01-02 09:36:05,399.60,597,238561
2026-01-02 09:36:06,399.60,545,217782
2026-01-02 09:36:07,399.60,559,223376
2026-01-02 09:36:08,399.60,569,227372
2026-01-02 09:36:09,399.60,604,241358
2026-01-02 09:36:10,399.60,569,227372
2026-01-02 09:36:11,399.60,602,240559
2026-01-02 09:36:12,399.26,531,212007
2026-01-02 09:36:13,399.44,558,222888
2026-01-02 09:36:14,397.32,575,228459
2026-01-02 09:36:15,397.34,584,232047
2026-01-02 09:36:16,399.03,596,237822
2026-01-02 09:36:17,398.23,593,236150
2026-01-02 09:36:18,396.49,568,225206
2026-01-02 09:36:19,392.28,571,223992
2026-01-02 09:36:20,390.92,585,228688
2026-01-02 09:36:21,393.25,573,225332
2026-01-02 09:36:22,398.65,549,218859
2026-01-02 09:36:23,399.60,555,221778
2026-01-02 09:36:24,399.19,574,229135
2026-01-02 09:36:25,395.23,571,225676
2026-01-02 09:36:26,391.14,552,215909
2026-01-02 09:36:27,395.00,553,218435
2026-01-02 09:36:28,392.98,522,205136
2026-01-02 09:36:29,390.75,582,227416
2026-01-02 09:36:30,393.72,553,217727
2026-01-02 09:36:31,392.53,557,218639
2026-01-02 09:36:32,391.05,549,214686
2026-01-02 09:36:33,390.20,577,225145
2026-01-02 09:36:34,390.99,530,207225
2026-01-02 09:36:35,392.17,563,220792
2026-01-02 09:36:36,397.14,588,233518
2026-01-02 09:36:37,397.28,539,214134
2026-01-02 09:36:38,398.02,583,232046
2026-01-02 09:36:39,399.24,557,222377
2026-01-02 09:36:40,399.60,587,234565
2026-01-02 09:36:41,397.65,603,239783
2026-01-02 09:36:42,399.26,565,225582
2026-01-02 09:36:43,398.86,572,228148
2026-01-02 09:36:44,399.60,555,221778
2026-01-02 09:36:45,399.60,586,234166
2026-01-02 09:36:46,399.60,578,230969
2026-01-02 09:36:47,399.60,545,217782
2026-01-02 09:36:48,399.60,583,232967
2026-01-02 09:36:49,397.72,588,233859
2026-01-02 09:36:50,398.25,540,215055
2026-01-02 09:36:51,397.26,561,222863
2026-01-02 09:36:52,399.60,616,246154
2026-01-02 09:36:53,398.35,583,232238
2026-01-02 09:36:54,394.52,541,213435
2026-01-02 09:36:55,397.05,578,229495
2026-01-02 09:36:56,393.51,590,232171
2026-01-02 09:36:57,392.82,545,214087
2026-01-02 09:36:58,395.21,538,212623
2026-01-02 09:36:59,395.13,522,206258
2026-01-02 09:37:00,394.55,533,210295
2026-01-02 09:37:01,394.09,555,218720
2026-01-02 09:37:02,393.83,557,219363
2026-01-02 09:37:03,395.78,555,219658
2026-01-02 09:37:04,395.24,572,226077
2026-01-02 09:37:05,398.81,567,226125
2026-01-02 09:37:06,396.61,545,216152
2026-01-02 09:37:07,399.33,508,202860
2026-01-02 09:37:08,399.57,582,232550
2026-01-02 09:37:09,397.07,601,238639
2026-01-02 09:37:10,399.60,569,227372
2026-01-02 09:37:11,399.60,553,220979
2026-01-02 09:37:12,399.60,578,230969
2026-01-02 09:37:13,397.89,537,213667
2026-01-02 09:37:14,399.60,567,226573
2026-01-02 09:37:15,396.43,553,219226
2026-01-02 09:37:16,397.24,556,220865
2026-01-02 09:37:17,399.60,497,198601
2026-01-02 09:37:18,396.48,567,224804
2026-01-02 09:37:19,398.36,567,225870
2026-01-02 09:37:20,399.60,560,223776
2026-01-02 09:37:21,396.91,569,225842
2026-01-02 09:37:22,392.59,583,228880
2026-01-02 09:37:23,392.51,552,216666
2026-01-02 09:37:24,391.51,574,224727
2026-01-02 09:37:25,387.97,578,224247
2026-01-02 09:37:26,391.04,507,198257
2026-01-02 09:37:27,393.07,567,222871
2026-01-02 09:37:28,392.95,536,210621
2026-01-02 09:37:29,394.29,547,215677
2026-01-02 09:37:30,398.87,531,211800
2026-01-02 09:37:31,399.60,558,222977
2026-01-02 09:37:32,399.60,530,211788
2026-01-02 09:37:33,399.60,553,220979
2026-01-02 09:37:34,397.84,551,219210
2026-01-02 09:37:35,399.60,599,239360
2026-01-02 09:37:36,399.60,571,228172
2026-01-02 09:37:37,399.60,560,223776
2026-01-02 09:37:38,399.60,548,218981
2026-01-02 09:37:39,399.60,584,233366
2026-01-02 09:37:40,399.60,551,220180
2026-01-02 09:37:41,399.60,594,237362
2026-01-02 09:37:42,397.97,528,210128
2026-01-02 09:37:43,399.60,533,212987
2026-01-02 09:37:44,399.60,548,218981
2026-01-02 09:37:45,399.60,566,226174
2026-01-02 09:37:46,399.20,528,210778
2026-01-02 09:37:47,397.03,541,214793
2026-01-02 09:37:48,396.87,563,223438
2026-01-02 09:37:49,399.60,546,218182
2026-01-02 09:37:50,396.65,553,219347
2026-01-02 09:37:51,395.18,540,213397
2026-01-02 09:37:52,393.62,579,227906
2026-01-02 09:37:53,390.71,503,196527
2026-01-02 09:37:54,394.38,572,225585
2026-01-02 09:37:55,391.52,563,220426
2026-01-02 09:37:56,392.04,502,196804
2026-01-02 09:37:57,396.02,517,204742
2026-01-02 09:37:58,394.84,541,213608
2026-01-02 09:37:59,393.55,551,216846
2026-01-02 09:38:00,395.25,553,218573
2026-01-02 09:38:01,393.43,577,227009
2026-01-02 09:38:02,393.11,537,211100
2026-01-02 09:38:03,392.58,538,211208
2026-01-02 09:38:04,394.60,577,227684
2026-01-02 09:38:05,399.60,608,242957
2026-01-02 09:38:06,399.60,520,207792
2026-01-02 09:38:07,397.94,542,215683
2026-01-02 09:38:08,394.56,543,214246
2026-01-02 09:38:09,397.80,580,230724
2026-01-02 09:38:10,398.04,567,225689
2026-01-02 09:38:11,399.50,532,212534
2026-01-02 09:38:12,399.60,572,228571
2026-01-02 09:38:13,399.60,581,232168
2026-01-02 09:38:14,399.60,550,219780
2026-01-02 09:38:15,399.60,562,224575
2026-01-02 09:38:16,399.60,525,209790
2026-01-02 09:38:17,399.60,567,226573
2026-01-02 09:38:18,399.60,539,215384
2026-01-02 09:38:19,399.60,530,211788
2026-01-02 09:38:20,394.88,589,232584
2026-01-02 09:38:21,399.60,584,233366
2026-01-02 09:38:22,399.60,528,210989
2026-01-02 09:38:23,399.60,562,224575
2026-01-02 09:38:24,399.60,510,203796
2026-01-02 09:38:25,399.60,543,216983
2026-01-02 09:38:26,399.60,519,207392
2026-01-02 09:38:27,399.60,560,223776
2026-01-02 09:38:28,399.60,547,218581
2026-01-02 09:38:29,399.60,550,219780
2026-01-02 09:38:30,399.60,580,231768
2026-01-02 09:38:31,399.60,581,232168
2026-01-02 09:38:32,399.60,563,224975
2026-01-02 09:38:33,399.60,526,210190
2026-01-02 09:38:34,399.60,594,237362
2026-01-02 09:38:35,399.60,558,222977
2026-01-02 09:38:36,399.60,520,207792
2026-01-02 09:38:37,399.60,605,241758
2026-01-02 09:38:38,399.60,559,223376
2026-01-02 09:38:39,399.60,527,210589
2026-01-02 09:38:40,399.60,546,218182
2026-01-02 09:38:41,399.60,571,228172
2026-01-02 09:38:42,399.60,562,224575
2026-01-02 09:38:43,399.60,451,180220
2026-01-02 09:38:44,399.60,560,223776
2026-01-02 09:38:45,399.60,562,224575
2026-01-02 09:38:46,399.60,544,217382
2026-01-02 09:38:47,399.60,545,217782
2026-01-02 09:38:48,399.60,545,217782
2026-01-02 09:38:49,399.60,565,225774
2026-01-02 09:38:50,399.60,555,221778
2026-01-02 09:38:51,399.60,560,223776
2026-01-02 09:38:52,399.60,576,230170
2026-01-02 09:38:53,399.60,578,230969
2026-01-02 09:38:54,399.60,539,215384
2026-01-02 09:38:55,399.60,540,215784
2026-01-02 09:38:56,399.60,555,221778
2026-01-02 09:38:57,399.60,571,228172
2026-01-02 09:38:58,399.60,503,200999
2026-01-02 09:38:59,399.60,539,215384
2026-01-02 09:39:00,398.65,527,210089
2026-01-02 09:39:01,394.73,569,224601
2026-01-02 09:39:02,392.61,577,226536
2026-01-02 09:39:03,395.63,540,213640
2026-01-02 09:39:04,399.60,548,218981
2026-01-02 09:39:05,399.60,535,213786
2026-01-02 09:39:06,399.60,559,223376
2026-01-02 09:39:07,399.60,522,208591
2026-01-02 09:39:08,398.12,573,228123
2026-01-02 09:39:09,397.48,545,216627
2026-01-02 09:39:10,392.63,527,206916
2026-01-02 09:39:11,389.29,585,227735
2026-01-02 09:39:12,390.11,556,216901
2026-01-02 09:39:13,387.08,585,226442
2026-01-02 09:39:14,389.54,548,213468
2026-01-02 09:39:15,387.08,557,215604
2026-01-02 09:39:16,387.83,562,217960
2026-01-02 09:39:17,387.08,531,205539
2026-01-02 09:39:18,390.10,552,215335
2026-01-02 09:39:19,387.08,549,212507
2026-01-02 09:39:20,387.08,479,185411
2026-01-02 09:39:21,387.08,542,209797
2026-01-02 09:39:22,387.08,548,212120
2026-01-02 09:39:23,387.08,553,214055
2026-01-02 09:39:24,387.08,507,196250
2026-01-02 09:39:25,391.00,535,209185
2026-01-02 09:39:26,391.11,515,201422
2026-01-02 09:39:27,388.90,566,220117
2026-01-02 09:39:28,387.08,548,212120
2026-01-02 09:39:29,387.08,561,217152
2026-01-02 09:39:30,387.08,638,246957
2026-01-02 09:39:31,387.08,588,227603
2026-01-02 09:39:32,387.08,570,220636
2026-01-02 09:39:33,387.08,561,217152
2026-01-02 09:39:34,387.08,554,214442
2026-01-02 09:39:35,387.08,522,202056
2026-01-02 09:39:36,387.08,550,212894
2026-01-02 09:39:37,387.08,592,229151
2026-01-02 09:39:38,387.08,535,207088
2026-01-02 09:39:39,387.88,526,204025
2026-01-02 09:39:40,387.08,559,216378
2026-01-02 09:39:41,387.08,544,210572
2026-01-02 09:39:42,388.62,532,206746
2026-01-02 09:39:43,390.90,569,222422
2026-01-02 09:39:44,390.22,533,207987
2026-01-02 09:39:45,391.44,529,207072
2026-01-02 09:39:46,389.50,541,210720
2026-01-02 09:39:47,392.37,554,217373
2026-01-02 09:39:48,393.58,551,216863
2026-01-02 09:39:49,394.48,545,214992
2026-01-02 09:39:50,397.81,543,216011
2026-01-02 09:39:51,399.60,556,222178
2026-01-02 09:39:52,396.42,594,235473
2026-01-02 09:39:53,399.15,528,210751
2026-01-02 09:39:54,399.60,566,226174
2026-01-02 09:39:55,399.60,574,229370
2026-01-02 09:39:56,399.60,548,218981
2026-01-02 09:39:57,399.60,540,215784
2026-01-02 09:39:58,399.60,578,230969
2026-01-02 09:39:59,399.60,525,209790
2026-01-02 09:40:00,399.60,556,222178
2026-01-02 09:40:01,399.60,570,227772
2026-01-02 09:40:02,399.60,530,211788
2026-01-02 09:40:03,399.60,541,216184
2026-01-02 09:40:04,399.60,530,211788
2026-01-02 09:40:05,399.60,588,234965
2026-01-02 09:40:06,399.60,571,228172
2026-01-02 09:40:07,399.60,544,217382
2026-01-02 09:40:08,399.60,557,222577
2026-01-02 09:40:09,399.60,495,197802
2026-01-02 09:40:10,399.60,585,233766
2026-01-02 09:40:11,399.60,516,206194
2026-01-02 09:40:12,399.60,563,224975
2026-01-02 09:40:13,399.60,541,216184
2026-01-02 09:40:14,399.60,552,220579
2026-01-02 09:40:15,399.60,525,209790
2026-01-02 09:40:16,399.60,522,208591
2026-01-02 09:40:17,399.60,519,207392
2026-01-02 09:40:18,399.60,541,216184
2026-01-02 09:40:19,398.53,542,216003
2026-01-02 09:40:20,398.05,569,226490
2026-01-02 09:40:21,395.41,569,224988
2026-01-02 09:40:22,397.60,540,214704
2026-01-02 09:40:23,397.70,552,219530
2026-01-02 09:40:24,397.15,499,198178
2026-01-02 09:40:25,395.08,588,232307
2026-01-02 09:40:26,395.80,549,217294
2026-01-02 09:40:27,397.87,545,216839
2026-01-02 09:40:28,394.98,528,208549
2026-01-02 09:40:29,392.94,501,196863
2026-01-02 09:40:30,391.07,537,210005
2026-01-02 09:40:31,388.43,569,221017
2026-01-02 09:40:32,392.54,516,202551
2026-01-02 09:40:33,394.12,550,216766
2026-01-02 09:40:34,394.74,532,210002
2026-01-02 09:40:35,394.29,534,210551
2026-01-02 09:40:36,390.36,515,201035
2026-01-02 09:40:37,393.61,542,213337
2026-01-02 09:40:38,394.25,479,188846
2026-01-02 09:40:39,391.17,529,206929
2026-01-02 09:40:40,391.31,605,236743
2026-01-02 09:40:41,388.74,572,222359
2026-01-02 09:40:42,389.78,517,201516
2026-01-02 09:40:43,387.08,568,219861
2026-01-02 09:40:44,387.08,524,202830
2026-01-02 09:40:45,388.41,526,204304
2026-01-02 09:40:46,387.48,499,193353
2026-01-02 09:40:47,390.65,552,215639
2026-01-02 09:40:48,390.23,555,216578
2026-01-02 09:40:49,387.08,495,191605
2026-01-02 09:40:50,389.47,504,196293
2026-01-02 09:40:51,390.52,523,204242
2026-01-02 09:40:52,388.63,519,201699
2026-01-02 09:40:53,388.98,533,207326
2026-01-02 09:40:54,389.67,520,202628
2026-01-02 09:40:55,391.60,544,213030
2026-01-02 09:40:56,392.49,524,205665
2026-01-02 09:40:57,394.61,536,211511
2026-01-02 09:40:58,398.11,520,207017
2026-01-02 09:40:59,396.32,504,199745
2026-01-02 09:41:00,397.60,515,204764
2026-01-02 09:41:01,399.60,550,219780
2026-01-02 09:41:02,399.60,550,219780
2026-01-02 09:41:03,399.60,558,222977
2026-01-02 09:41:04,398.47,567,225932
2026-01-02 09:41:05,397.47,518,205889
2026-01-02 09:41:06,394.06,574,226190
2026-01-02 09:41:07,396.67,538,213408
2026-01-02 09:41:08,397.64,552,219497
2026-01-02 09:41:09,391.27,519,203069
2026-01-02 09:41:10,389.70,564,219791
2026-01-02 09:41:11,389.81,533,207769
2026-01-02 09:41:12,392.88,517,203119
2026-01-02 09:41:13,391.55,547,214178
2026-01-02 09:41:14,387.08,583,225668
2026-01-02 09:41:15,389.91,528,205872
2026-01-02 09:41:16,387.44,536,207668
2026-01-02 09:41:17,387.08,542,209797
2026-01-02 09:41:18,387.08,506,195862
2026-01-02 09:41:19,387.08,564,218313
2026-01-02 09:41:20,387.08,551,213281
2026-01-02 09:41:21,387.08,538,208249
2026-01-02 09:41:22,387.08,531,205539
2026-01-02 09:41:23,387.08,520,201282
2026-01-02 09:41:24,387.08,543,210184
2026-01-02 09:41:25,387.08,542,209797
2026-01-02 09:41:26,387.08,548,212120
2026-01-02 09:41:27,387.08,502,194314
2026-01-02 09:41:28,387.08,507,196250
2026-01-02 09:41:29,387.08,561,217152
2026-01-02 09:41:30,387.08,503,194701
2026-01-02 09:41:31,387.08,510,197411
2026-01-02 09:41:32,387.08,520,201282
2026-01-02 09:41:33,387.08,542,209797
2026-01-02 09:41:34,387.08,577,223345
2026-01-02 09:41:35,387.08,508,196637
2026-01-02 09:41:36,387.08,509,197024
2026-01-02 09:41:37,387.08,539,208636
2026-01-02 09:41:38,387.08,505,195475
2026-01-02 09:41:39,387.08,509,197024
2026-01-02 09:41:40,387.08,564,218313
2026-01-02 09:41:41,387.08,557,215604
2026-01-02 09:41:42,387.08,550,212894
2026-01-02 09:41:43,387.08,528,204378
2026-01-02 09:41:44,387.08,503,194701
2026-01-02 09:41:45,387.08,549,212507
2026-01-02 09:41:46,387.08,495,191605
2026-01-02 09:41:47,387.08,520,201282
2026-01-02 09:41:48,387.08,518,200507
2026-01-02 09:41:49,387.08,510,197411
2026-01-02 09:41:50,387.08,493,190830
2026-01-02 09:41:51,387.08,569,220249
2026-01-02 09:41:52,387.08,524,202830
2026-01-02 09:41:53,387.08,481,186185
2026-01-02 09:41:54,387.08,556,215216
2026-01-02 09:41:55,387.08,493,190830
2026-01-02 09:41:56,387.08,533,206314
2026-01-02 09:41:57,387.08,546,211346
2026-01-02 09:41:58,387.08,569,220249
2026-01-02 09:41:59,387.08,565,218700
2026-01-02 09:42:00,387.08,544,210572
2026-01-02 09:42:01,387.08,538,208249
2026-01-02 09:42:02,387.08,529,204765
2026-01-02 09:42:03,387.08,535,207088
2026-01-02 09:42:04,387.08,512,198185
2026-01-02 09:42:05,387.08,565,218700
2026-01-02 09:42:06,387.08,516,199733
2026-01-02 09:42:07,387.08,578,223732
2026-01-02 09:42:08,387.08,555,214829
2026-01-02 09:42:09,387.08,547,211733
2026-01-02 09:42:10,387.08,555,214829
2026-01-02 09:42:11,387.08,508,196637
2026-01-02 09:42:12,387.08,546,211346
2026-01-02 09:42:13,387.08,529,204765
2026-01-02 09:42:14,387.08,525,203217
2026-01-02 09:42:15,387.08,517,200120
2026-01-02 09:42:16,387.08,537,207862
2026-01-02 09:42:17,387.08,495,191605
2026-01-02 09:42:18,387.08,539,208636
2026-01-02 09:42:19,387.08,515,199346
2026-01-02 09:42:20,387.08,506,195862
2026-01-02 09:42:21,387.08,532,205927
2026-01-02 09:42:22,387.08,501,193927
2026-01-02 09:42:23,387.08,538,208249
2026-01-02 09:42:24,387.08,529,204765
2026-01-02 09:42:25,387.08,523,202443
2026-01-02 09:42:26,387.08,530,205152
2026-01-02 09:42:27,387.08,503,194701
2026-01-02 09:42:28,387.08,542,209797
2026-01-02 09:42:29,387.08,514,198959
2026-01-02 09:42:30,387.08,507,196250
2026-01-02 09:42:31,387.08,546,211346
2026-01-02 09:42:32,387.08,521,201669
2026-01-02 09:42:33,387.08,570,220636
2026-01-02 09:42:34,387.08,542,209797
2026-01-02 09:42:35,387.08,511,197798
2026-01-02 09:42:36,387.08,526,203604
2026-01-02 09:42:37,387.08,522,202056
2026-01-02 09:42:38,387.08,538,208249
2026-01-02 09:42:39,387.08,533,206314
2026-01-02 09:42:40,387.08,585,226442
2026-01-02 09:42:41,387.08,551,213281
2026-01-02 09:42:42,387.08,540,209023
2026-01-02 09:42:43,387.08,520,201282
2026-01-02 09:42:44,387.08,518,200507
2026-01-02 09:42:45,387.08,512,198185
2026-01-02 09:42:46,387.08,525,203217
2026-01-02 09:42:47,387.08,544,210572
2026-01-02 09:42:48,387.08,529,204765
2026-01-02 09:42:49,387.08,529,204765
2026-01-02 09:42:50,387.08,501,193927
2026-01-02 09:42:51,387.08,555,214829
2026-01-02 09:42:52,387.08,491,190056
2026-01-02 09:42:53,387.08,520,201282
2026-01-02 09:42:54,387.08,527,203991
2026-01-02 09:42:55,387.08,501,193927
2026-01-02 09:42:56,387.08,505,195475
2026-01-02 09:42:57,387.08,512,198185
2026-01-02 09:42:58,387.08,499,193153
2026-01-02 09:42:59,387.08,550,212894
2026-01-02 09:43:00,387.08,552,213668
2026-01-02 09:43:01,387.08,512,198185
2026-01-02 09:43:02,387.08,495,191605
2026-01-02 09:43:03,387.08,516,199733
2026-01-02 09:43:04,387.08,534,206701
2026-01-02 09:43:05,387.08,517,200120
2026-01-02 09:43:06,387.08,546,211346
2026-01-02 09:43:07,387.08,523,202443
2026-01-02 09:43:08,387.08,496,191992
2026-01-02 09:43:09,387.08,463,179218
2026-01-02 09:43:10,387.08,487,188508
2026-01-02 09:43:11,387.08,527,203991
2026-01-02 09:43:12,387.08,545,210959
2026-01-02 09:43:13,387.08,501,193927
2026-01-02 09:43:14,387.08,552,213668
2026-01-02 09:43:15,387.08,495,191605
2026-01-02 09:43:16,387.08,552,213668
2026-01-02 09:43:17,387.08,520,201282
2026-01-02 09:43:18,387.08,526,203604
2026-01-02 09:43:19,387.08,536,207475
2026-01-02 09:43:20,387.08,511,197798
2026-01-02 09:43:21,387.08,528,204378
2026-01-02 09:43:22,387.08,524,202830
2026-01-02 09:43:23,387.08,508,196637
2026-01-02 09:43:24,387.08,496,191992
2026-01-02 09:43:25,387.08,522,202056
2026-01-02 09:43:26,387.08,493,190830
2026-01-02 09:43:27,387.08,437,169154
2026-01-02 09:43:28,387.08,548,212120
2026-01-02 09:43:29,387.08,499,193153
2026-01-02 09:43:30,387.08,565,218700
2026-01-02 09:43:31,387.08,531,205539
2026-01-02 09:43:32,387.08,507,196250
2026-01-02 09:43:33,387.08,536,207475
2026-01-02 09:43:34,387.08,539,208636
2026-01-02 09:43:35,387.08,530,205152
2026-01-02 09:43:36,387.08,507,196250
2026-01-02 09:43:37,387.08,503,194701
2026-01-02 09:43:38,387.08,548,212120
2026-01-02 09:43:39,387.08,521,201669
2026-01-02 09:43:40,387.08,532,205927
2026-01-02 09:43:41,387.08,528,204378
2026-01-02 09:43:42,387.08,553,214055
2026-01-02 09:43:43,387.08,520,201282
2026-01-02 09:43:44,387.08,494,191218
2026-01-02 09:43:45,387.08,553,214055
2026-01-02 09:43:46,387.08,523,202443
2026-01-02 09:43:47,387.08,509,197024
2026-01-02 09:43:48,387.08,533,206314
2026-01-02 09:43:49,387.08,513,198572
2026-01-02 09:43:50,387.08,522,202056
2026-01-02 09:43:51,387.08,493,190830
2026-01-02 09:43:52,387.08,471,182315
2026-01-02 09:43:53,387.08,541,209410
2026-01-02 09:43:54,387.08,514,198959
2026-01-02 09:43:55,387.08,550,212894
2026-01-02 09:43:56,387.08,545,210959
2026-01-02 09:43:57,387.08,492,190443
2026-01-02 09:43:58,387.08,510,197411
2026-01-02 09:43:59,387.08,533,206314
2026-01-02 09:44:00,387.08,527,203991
2026-01-02 09:44:01,387.08,529,204765
2026-01-02 09:44:02,389.24,526,204740
2026-01-02 09:44:03,388.92,557,216628
2026-01-02 09:44:04,388.30,471,182889
2026-01-02 09:44:05,389.91,516,201194
2026-01-02 09:44:06,388.10,519,201424
2026-01-02 09:44:07,390.56,517,201920
2026-01-02 09:44:08,391.46,542,212171
2026-01-02 09:44:09,390.89,503,196618
2026-01-02 09:44:10,391.85,512,200627
2026-01-02 09:44:11,393.40,541,212829
2026-01-02 09:44:12,397.63,519,206370
2026-01-02 09:44:13,392.25,490,192202
2026-01-02 09:44:14,389.05,536,208531
2026-01-02 09:44:15,387.14,556,215250
2026-01-02 09:44:16,387.71,522,202385
2026-01-02 09:44:17,387.08,508,196637
2026-01-02 09:44:18,388.82,513,199465
2026-01-02 09:44:19,389.36,498,193901
2026-01-02 09:44:20,389.38,526,204814
2026-01-02 09:44:21,391.07,521,203747
2026-01-02 09:44:22,387.75,506,196202
2026-01-02 09:44:23,387.08,508,196637
2026-01-02 09:44:24,387.08,542,209797
2026-01-02 09:44:25,387.08,531,205539
2026-01-02 09:44:26,387.08,557,215604
2026-01-02 09:44:27,387.08,565,218700
2026-01-02 09:44:28,387.08,517,200120
2026-01-02 09:44:29,387.08,510,197411
2026-01-02 09:44:30,387.08,541,209410
2026-01-02 09:44:31,387.08,496,191992
2026-01-02 09:44:32,387.08,542,209797
2026-01-02 09:44:33,387.08,482,186573
2026-01-02 09:44:34,387.08,483,186960
2026-01-02 09:44:35,387.08,553,214055
2026-01-02 09:44:36,387.08,502,194314
2026-01-02 09:44:37,387.08,536,207475
2026-01-02 09:44:38,387.08,522,202056
2026-01-02 09:44:39,387.08,545,210959
2026-01-02 09:44:40,387.08,514,198959
2026-01-02 09:44:41,387.08,525,203217
2026-01-02 09:44:42,387.08,511,197798
2026-01-02 09:44:43,387.08,502,194314
2026-01-02 09:44:44,387.08,523,202443
2026-01-02 09:44:45,387.08,516,199733
2026-01-02 09:44:46,387.08,516,199733
2026-01-02 09:44:47,387.08,518,200507
2026-01-02 09:44:48,387.08,507,196250
2026-01-02 09:44:49,387.08,514,198959
2026-01-02 09:44:50,387.08,532,205927
2026-01-02 09:44:51,387.08,513,198572
2026-01-02 09:44:52,387.08,497,192379
2026-01-02 09:44:53,387.08,527,203991
2026-01-02 09:44:54,387.08,536,207475
2026-01-02 09:44:55,387.08,505,195475
2026-01-02 09:44:56,387.08,499,193153
2026-01-02 09:44:57,387.08,497,192379
2026-01-02 09:44:58,387.08,495,191605
2026-01-02 09:44:59,387.08,536,207475
2026-01-02 09:45:00,387.08,477,184637
2026-01-02 09:45:01,387.08,518,200507
2026-01-02 09:45:02,387.08,510,197411
2026-01-02 09:45:03,387.08,521,201669
2026-01-02 09:45:04,387.08,524,202830
2026-01-02 09:45:05,387.08,492,190443
2026-01-02 09:45:06,387.08,520,201282
2026-01-02 09:45:07,387.08,498,192766
2026-01-02 09:45:08,387.08,486,188121
2026-01-02 09:45:09,387.08,525,203217
2026-01-02 09:45:10,387.08,533,206314
2026-01-02 09:45:11,387.08,522,202056
2026-01-02 09:45:12,387.08,533,206314
2026-01-02 09:45:13,387.08,524,202830
2026-01-02 09:45:14,387.08,532,205927
2026-01-02 09:45:15,387.08,519,200895
2026-01-02 09:45:16,387.08,512,198185
2026-01-02 09:45:17,387.08,492,190443
2026-01-02 09:45:18,387.08,492,190443
2026-01-02 09:45:19,387.08,529,204765
2026-01-02 09:45:20,387.08,501,193927
2026-01-02 09:45:21,387.08,543,210184
2026-01-02 09:45:22,387.08,503,194701
2026-01-02 09:45:23,387.08,534,206701
2026-01-02 09:45:24,387.08,484,187347
2026-01-02 09:45:25,387.08,521,201669
2026-01-02 09:45:26,387.08,501,193927
2026-01-02 09:45:27,387.08,500,193540
2026-01-02 09:45:28,387.08,483,186960
2026-01-02 09:45:29,387.08,499,193153
2026-01-02 09:45:30,387.08,523,202443
2026-01-02 09:45:31,387.08,538,208249
2026-01-02 09:45:32,387.08,521,201669
2026-01-02 09:45:33,387.08,502,194314
2026-01-02 09:45:34,387.08,569,220249
2026-01-02 09:45:35,387.08,450,174186
2026-01-02 09:45:36,387.08,480,185798
2026-01-02 09:45:37,387.08,466,180379
2026-01-02 09:45:38,387.08,519,200895
2026-01-02 09:45:39,387.08,478,185024
2026-01-02 09:45:40,387.08,510,197411
2026-01-02 09:45:41,387.08,495,191605
2026-01-02 09:45:42,387.08,515,199346
2026-01-02 09:45:43,387.08,520,201282
2026-01-02 09:45:44,387.08,499,193153
2026-01-02 09:45:45,387.08,557,215604
2026-01-02 09:45:46,387.08,522,202056
2026-01-02 09:45:47,387.08,477,184637
2026-01-02 09:45:48,387.08,504,195088
2026-01-02 09:45:49,387.08,508,196637
2026-01-02 09:45:50,387.08,522,202056
2026-01-02 09:45:51,387.08,502,194314
2026-01-02 09:45:52,387.08,538,208249
2026-01-02 09:45:53,387.08,505,195475
2026-01-02 09:45:54,387.08,483,186960
2026-01-02 09:45:55,387.08,491,190056
2026-01-02 09:45:56,387.08,508,196637
2026-01-02 09:45:57,387.08,488,188895
2026-01-02 09:45:58,387.08,527,203991
2026-01-02 09:45:59,387.08,528,204378
2026-01-02 09:46:00,387.08,530,205152
2026-01-02 09:46:01,387.08,535,207088
2026-01-02 09:46:02,387.08,512,198185
2026-01-02 09:46:03,387.08,525,203217
2026-01-02 09:46:04,387.08,453,175347
2026-01-02 09:46:05,387.08,483,186960
2026-01-02 09:46:06,387.08,473,183089
2026-01-02 09:46:07,387.08,453,175347
2026-01-02 09:46:08,387.08,485,187734
2026-01-02 09:46:09,387.08,493,190830
2026-01-02 09:46:10,387.08,495,191605
2026-01-02 09:46:11,387.08,493,190830
2026-01-02 09:46:12,387.08,492,190443
2026-01-02 09:46:13,387.08,494,191218
2026-01-02 09:46:14,387.08,505,195475
2026-01-02 09:46:15,387.08,500,193540
2026-01-02 09:46:16,387.08,501,193927
2026-01-02 09:46:17,387.08,531,205539
2026-01-02 09:46:18,387.08,513,198572
2026-01-02 09:46:19,387.08,530,205152
2026-01-02 09:46:20,387.08,505,195475
2026-01-02 09:46:21,387.08,522,202056
2026-01-02 09:46:22,387.08,490,189669
2026-01-02 09:46:23,387.08,522,202056
2026-01-02 09:46:24,387.08,484,187347
2026-01-02 09:46:25,387.08,508,196637
2026-01-02 09:46:26,387.08,523,202443
2026-01-02 09:46:27,387.08,484,187347
2026-01-02 09:46:28,387.08,520,201282
2026-01-02 09:46:29,387.08,515,199346
2026-01-02 09:46:30,387.08,514,198959
2026-01-02 09:46:31,387.08,511,197798
2026-01-02 09:46:32,387.08,512,198185
2026-01-02 09:46:33,387.08,493,190830
2026-01-02 09:46:34,387.08,478,185024
2026-01-02 09:46:35,387.08,547,211733
2026-01-02 09:46:36,387.08,458,177283
2026-01-02 09:46:37,387.08,501,193927
2026-01-02 09:46:38,387.08,517,200120
2026-01-02 09:46:39,387.08,468,181153
2026-01-02 09:46:40,387.08,478,185024
2026-01-02 09:46:41,387.08,531,205539
2026-01-02 09:46:42,387.08,512,198185
2026-01-02 09:46:43,387.08,499,193153
2026-01-02 09:46:44,387.08,454,175734
2026-01-02 09:46:45,387.08,496,191992
2026-01-02 09:46:46,387.08,481,186185
2026-01-02 09:46:47,387.08,557,215604
2026-01-02 09:46:48,387.08,545,210959
2026-01-02 09:46:49,387.08,487,188508
2026-01-02 09:46:50,387.08,503,194701
2026-01-02 09:46:51,387.08,522,202056
2026-01-02 09:46:52,387.08,509,197024
2026-01-02 09:46:53,387.08,512,198185
2026-01-02 09:46:54,387.08,501,193927
2026-01-02 09:46:55,387.08,500,193540
2026-01-02 09:46:56,387.08,490,189669
2026-01-02 09:46:57,387.08,525,203217
2026-01-02 09:46:58,387.08,487,188508
2026-01-02 09:46:59,387.08,506,195862
2026-01-02 09:47:00,387.08,478,185024
2026-01-02 09:47:01,387.08,503,194701
2026-01-02 09:47:02,387.08,478,185024
2026-01-02 09:47:03,387.08,485,187734
2026-01-02 09:47:04,387.08,518,200507
2026-01-02 09:47:05,387.08,532,205927
2026-01-02 09:47:06,387.08,508,196637
2026-01-02 09:47:07,387.08,487,188508
2026-01-02 09:47:08,387.08,487,188508
2026-01-02 09:47:09,387.08,508,196637
2026-01-02 09:47:10,387.08,550,212894
2026-01-02 09:47:11,387.08,539,208636
2026-01-02 09:47:12,387.08,527,203991
2026-01-02 09:47:13,387.08,460,178057
2026-01-02 09:47:14,387.08,540,209023
2026-01-02 09:47:15,387.08,533,206314
2026-01-02 09:47:16,387.08,493,190830
2026-01-02 09:47:17,387.08,525,203217
2026-01-02 09:47:18,387.08,498,192766
2026-01-02 09:47:19,387.08,496,191992
2026-01-02 09:47:20,387.08,522,202056
2026-01-02 09:47:21,387.08,524,202830
2026-01-02 09:47:22,387.08,522,202056
2026-01-02 09:47:23,387.08,494,191218
2026-01-02 09:47:24,387.08,498,192766
2026-01-02 09:47:25,387.08,493,190830
2026-01-02 09:47:26,387.08,493,190830
2026-01-02 09:47:27,387.08,559,216378
2026-01-02 09:47:28,387.08,521,201669
2026-01-02 09:47:29,387.08,524,202830
2026-01-02 09:47:30,387.08,478,185024
2026-01-02 09:47:31,387.08,490,189669
2026-01-02 09:47:32,387.08,504,195088
2026-01-02 09:47:33,387.08,516,199733
2026-01-02 09:47:34,387.08,472,182702
2026-01-02 09:47:35,387.08,507,196250
2026-01-02 09:47:36,387.08,497,192379
2026-01-02 09:47:37,387.08,490,189669
2026-01-02 09:47:38,387.08,545,210959
2026-01-02 09:47:39,387.08,489,189282
2026-01-02 09:47:40,387.08,527,203991
2026-01-02 09:47:41,387.08,473,183089
2026-01-02 09:47:42,387.08,478,185024
2026-01-02 09:47:43,387.08,505,195475
2026-01-02 09:47:44,387.08,512,198185
2026-01-02 09:47:45,387.08,499,193153
2026-01-02 09:47:46,387.08,522,202056
2026-01-02 09:47:47,387.08,505,195475
2026-01-02 09:47:48,387.08,455,176121
2026-01-02 09:47:49,387.08,496,191992
2026-01-02 09:47:50,387.08,569,220249
2026-01-02 09:47:51,387.08,467,180766
2026-01-02 09:47:52,387.08,476,184250
2026-01-02 09:47:53,387.08,531,205539
2026-01-02 09:47:54,387.08,497,192379
2026-01-02 09:47:55,387.08,489,189282
2026-01-02 09:47:56,387.08,504,195088
2026-01-02 09:47:57,387.08,471,182315
2026-01-02 09:47:58,387.08,490,189669
2026-01-02 09:47:59,387.08,489,189282
2026-01-02 09:48:00,387.08,449,173799
2026-01-02 09:48:01,387.08,488,188895
2026-01-02 09:48:02,387.08,460,178057
2026-01-02 09:48:03,387.08,437,169154
2026-01-02 09:48:04,387.08,492,190443
2026-01-02 09:48:05,387.08,465,179992
2026-01-02 09:48:06,387.08,476,184250
2026-01-02 09:48:07,387.08,484,187347
2026-01-02 09:48:08,387.08,534,206701
2026-01-02 09:48:09,387.08,509,197024
2026-01-02 09:48:10,387.08,523,202443
2026-01-02 09:48:11,387.08,487,188508
2026-01-02 09:48:12,387.08,518,200507
2026-01-02 09:48:13,387.08,521,201669
2026-01-02 09:48:14,387.08,498,192766
2026-01-02 09:48:15,387.08,484,187347
2026-01-02 09:48:16,388.36,530,205831
2026-01-02 09:48:17,391.19,501,195986
2026-01-02 09:48:18,391.82,500,195910
2026-01-02 09:48:19,394.81,477,188324
2026-01-02 09:48:20,394.31,518,204253
2026-01-02 09:48:21,390.20,473,184565
2026-01-02 09:48:22,388.70,472,183466
2026-01-02 09:48:23,391.57,528,206749
2026-01-02 09:48:24,387.54,478,185244
2026-01-02 09:48:25,389.94,475,185222
2026-01-02 09:48:26,387.08,499,193153
2026-01-02 09:48:27,389.03,482,187512
2026-01-02 09:48:28,387.39,471,182461
2026-01-02 09:48:29,387.08,507,196250
2026-01-02 09:48:30,387.08,464,179605
2026-01-02 09:48:31,387.08,515,199346
2026-01-02 09:48:32,387.08,493,190830
2026-01-02 09:48:33,387.08,501,193927
2026-01-02 09:48:34,387.08,480,185798
2026-01-02 09:48:35,387.08,512,198185
2026-01-02 09:48:36,387.08,457,176896
2026-01-02 09:48:37,387.08,486,188121
2026-01-02 09:48:38,387.08,505,195475
2026-01-02 09:48:39,387.08,523,202443
2026-01-02 09:48:40,387.08,485,187734
2026-01-02 09:48:41,387.08,521,201669
2026-01-02 09:48:42,387.08,495,191605
2026-01-02 09:48:43,387.08,458,177283
2026-01-02 09:48:44,387.08,480,185798
2026-01-02 09:48:45,387.08,493,190830
2026-01-02 09:48:46,387.08,438,169541
2026-01-02 09:48:47,387.08,527,203991
2026-01-02 09:48:48,387.08,481,186185
2026-01-02 09:48:49,387.08,524,202830
2026-01-02 09:48:50,387.08,502,194314
2026-01-02 09:48:51,387.08,498,192766
2026-01-02 09:48:52,387.08,475,183863
2026-01-02 09:48:53,387.08,528,204378
2026-01-02 09:48:54,387.08,485,187734
2026-01-02 09:48:55,387.08,489,189282
2026-01-02 09:48:56,387.08,536,207475
2026-01-02 09:48:57,387.08,464,179605
2026-01-02 09:48:58,387.08,484,187347
2026-01-02 09:48:59,387.08,490,189669
2026-01-02 09:49:00,387.08,523,202443
2026-01-02 09:49:01,387.08,502,194314
2026-01-02 09:49:02,387.08,509,197024
2026-01-02 09:49:03,387.08,488,188895
2026-01-02 09:49:04,387.08,484,187347
2026-01-02 09:49:05,387.08,481,186185
2026-01-02 09:49:06,387.08,482,186573
2026-01-02 09:49:07,387.08,463,179218
2026-01-02 09:49:08,387.08,504,195088
2026-01-02 09:49:09,387.08,458,177283
2026-01-02 09:49:10,387.08,501,193927
2026-01-02 09:49:11,387.08,507,196250
2026-01-02 09:49:12,387.08,516,199733
2026-01-02 09:49:13,387.08,498,192766
2026-01-02 09:49:14,387.08,511,197798
2026-01-02 09:49:15,387.08,517,200120
2026-01-02 09:49:16,387.08,491,190056
2026-01-02 09:49:17,387.08,481,186185
2026-01-02 09:49:18,387.08,476,184250
2026-01-02 09:49:19,387.08,501,193927
2026-01-02 09:49:20,387.08,481,186185
2026-01-02 09:49:21,387.08,503,194701
2026-01-02 09:49:22,387.08,521,201669
2026-01-02 09:49:23,387.08,515,199346
2026-01-02 09:49:24,387.08,460,178057
2026-01-02 09:49:25,387.08,474,183476
2026-01-02 09:49:26,387.08,488,188895
2026-01-02 09:49:27,387.08,450,174186
2026-01-02 09:49:28,387.08,492,190443
2026-01-02 09:49:29,387.08,471,182315
2026-01-02 09:49:30,387.08,476,184250
2026-01-02 09:49:31,387.08,487,188508
2026-01-02 09:49:32,387.08,454,175734
2026-01-02 09:49:33,387.08,467,180766
2026-01-02 09:49:34,387.08,489,189282
2026-01-02 09:49:35,387.08,539,208636
2026-01-02 09:49:36,387.08,487,188508
2026-01-02 09:49:37,387.08,496,191992
2026-01-02 09:49:38,387.08,480,185798
2026-01-02 09:49:39,387.08,479,185411
2026-01-02 09:49:40,387.08,479,185411
2026-01-02 09:49:41,387.08,452,174960
2026-01-02 09:49:42,387.08,476,184250
2026-01-02 09:49:43,387.08,512,198185
2026-01-02 09:49:44,387.08,534,206701
2026-01-02 09:49:45,387.08,475,183863
2026-01-02 09:49:46,387.08,486,188121
2026-01-02 09:49:47,387.08,474,183476
2026-01-02 09:49:48,387.08,503,194701
2026-01-02 09:49:49,387.08,504,195088
2026-01-02 09:49:50,387.08,467,180766
2026-01-02 09:49:51,387.08,513,198572
2026-01-02 09:49:52,387.08,469,181541
2026-01-02 09:49:53,387.08,465,179992
2026-01-02 09:49:54,387.08,498,192766
2026-01-02 09:49:55,387.08,498,192766
2026-01-02 09:49:56,387.08,476,184250
2026-01-02 09:49:57,387.08,493,190830
2026-01-02 09:49:58,387.08,476,184250
2026-01-02 09:49:59,387.08,484,187347
2026-01-02 09:50:00,387.08,531,205539
2026-01-02 09:50:01,387.08,468,181153
2026-01-02 09:50:02,387.08,469,181541
2026-01-02 09:50:03,387.08,490,189669
2026-01-02 09:50:04,387.08,472,182702
2026-01-02 09:50:05,387.08,486,188121
2026-01-02 09:50:06,387.08,449,173799
2026-01-02 09:50:07,387.08,485,187734
2026-01-02 09:50:08,387.08,454,175734
2026-01-02 09:50:09,387.08,499,193153
2026-01-02 09:50:10,387.08,465,179992
2026-01-02 09:50:11,387.08,499,193153
2026-01-02 09:50:12,387.08,506,195862
2026-01-02 09:50:13,387.08,464,179605
2026-01-02 09:50:14,387.08,477,184637
2026-01-02 09:50:15,387.08,461,178444
2026-01-02 09:50:16,387.08,495,191605
2026-01-02 09:50:17,387.08,441,170702
2026-01-02 09:50:18,387.08,462,178831
2026-01-02 09:50:19,387.08,496,191992
2026-01-02 09:50:20,387.08,497,192379
2026-01-02 09:50:21,387.08,518,200507
2026-01-02 09:50:22,387.08,485,187734
2026-01-02 09:50:23,387.08,482,186573
2026-01-02 09:50:24,387.08,501,193927
2026-01-02 09:50:25,387.08,490,189669
2026-01-02 09:50:26,387.08,506,195862
2026-01-02 09:50:27,387.08,468,181153
2026-01-02 09:50:28,387.08,467,180766
2026-01-02 09:50:29,387.08,517,200120
2026-01-02 09:50:30,387.08,486,188121
2026-01-02 09:50:31,387.08,503,194701
2026-01-02 09:50:32,387.08,519,200895
2026-01-02 09:50:33,387.08,450,174186
2026-01-02 09:50:34,387.08,499,193153
2026-01-02 09:50:35,387.08,531,205539
2026-01-02 09:50:36,387.08,458,177283
2026-01-02 09:50:37,387.08,476,184250
2026-01-02 09:50:38,387.08,423,163735
2026-01-02 09:50:39,387.08,512,198185
2026-01-02 09:50:40,387.08,457,176896
2026-01-02 09:50:41,387.08,477,184637
2026-01-02 09:50:42,387.08,510,197411
2026-01-02 09:50:43,387.08,502,194314
2026-01-02 09:50:44,387.08,463,179218
2026-01-02 09:50:45,387.08,459,177670
2026-01-02 09:50:46,387.08,465,179992
2026-01-02 09:50:47,387.08,513,198572
2026-01-02 09:50:48,387.08,506,195862
2026-01-02 09:50:49,387.08,491,190056
2026-01-02 09:50:50,387.08,460,178057
2026-01-02 09:50:51,387.08,495,191605
2026-01-02 09:50:52,387.08,481,186185
2026-01-02 09:50:53,387.08,496,191992
2026-01-02 09:50:54,387.08,470,181928
2026-01-02 09:50:55,387.08,497,192379
2026-01-02 09:50:56,387.08,463,179218
2026-01-02 09:50:57,387.08,460,178057
2026-01-02 09:50:58,387.08,494,191218
2026-01-02 09:50:59,387.08,488,188895
2026-01-02 09:51:00,387.08,492,190443
2026-01-02 09:51:01,387.08,474,183476
2026-01-02 09:51:02,387.08,486,188121
2026-01-02 09:51:03,387.08,492,190443
2026-01-02 09:51:04,387.08,457,176896
2026-01-02 09:51:05,387.08,456,176508
2026-01-02 09:51:06,387.08,434,167993
2026-01-02 09:51:07,387.08,519,200895
2026-01-02 09:51:08,387.08,499,193153
2026-01-02 09:51:09,387.08,472,182702
2026-01-02 09:51:10,387.08,496,191992
2026-01-02 09:51:11,387.08,456,176508
2026-01-02 09:51:12,387.08,462,178831
2026-01-02 09:51:13,387.08,504,195088
2026-01-02 09:51:14,387.08,471,182315
2026-01-02 09:51:15,387.08,479,185411
2026-01-02 09:51:16,387.08,508,196637
2026-01-02 09:51:17,387.08,470,181928
2026-01-02 09:51:18,387.08,519,200895
2026-01-02 09:51:19,387.08,495,191605
2026-01-02 09:51:20,387.08,495,191605
2026-01-02 09:51:21,387.08,498,192766
2026-01-02 09:51:22,387.08,478,185024
2026-01-02 09:51:23,387.08,448,173412
2026-01-02 09:51:24,387.08,525,203217
2026-01-02 09:51:25,387.08,463,179218
2026-01-02 09:51:26,387.08,487,188508
2026-01-02 09:51:27,387.08,516,199733
2026-01-02 09:51:28,387.08,481,186185
2026-01-02 09:51:29,387.08,495,191605
2026-01-02 09:51:30,387.08,463,179218
2026-01-02 09:51:31,387.08,489,189282
2026-01-02 09:51:32,387.08,511,197798
2026-01-02 09:51:33,387.08,473,183089
2026-01-02 09:51:34,387.08,465,179992
2026-01-02 09:51:35,387.08,497,192379
2026-01-02 09:51:36,387.08,458,177283
2026-01-02 09:51:37,387.08,439,169928
2026-01-02 09:51:38,387.08,493,190830
2026-01-02 09:51:39,387.08,454,175734
2026-01-02 09:51:40,387.08,491,190056
2026-01-02 09:51:41,387.08,443,171476
2026-01-02 09:51:42,387.08,473,183089
2026-01-02 09:51:43,387.08,475,183863
2026-01-02 09:51:44,387.08,456,176508
2026-01-02 09:51:45,387.08,419,162187
2026-01-02 09:51:46,387.08,470,181928
2026-01-02 09:51:47,387.08,505,195475
2026-01-02 09:51:48,387.08,504,195088
2026-01-02 09:51:49,387.08,448,173412
2026-01-02 09:51:50,387.08,458,177283
2026-01-02 09:51:51,387.08,455,176121
2026-01-02 09:51:52,387.08,458,177283
2026-01-02 09:51:53,387.08,469,181541
2026-01-02 09:51:54,387.08,456,176508
2026-01-02 09:51:55,387.08,523,202443
2026-01-02 09:51:56,387.08,468,181153
2026-01-02 09:51:57,387.08,445,172251
2026-01-02 09:51:58,387.08,469,181541
2026-01-02 09:51:59,387.08,500,193540
2026-01-02 09:52:00,387.08,494,191218
2026-01-02 09:52:01,387.08,487,188508
2026-01-02 09:52:02,387.08,501,193927
2026-01-02 09:52:03,387.08,509,197024
2026-01-02 09:52:04,387.08,435,168380
2026-01-02 09:52:05,387.08,492,190443
2026-01-02 09:52:06,387.08,463,179218
2026-01-02 09:52:07,387.08,493,190830
2026-01-02 09:52:08,387.08,493,190830
2026-01-02 09:52:09,387.08,459,177670
2026-01-02 09:52:10,387.08,458,177283
2026-01-02 09:52:11,387.08,478,185024
2026-01-02 09:52:12,387.08,439,169928
2026-01-02 09:52:13,387.08,484,187347
2026-01-02 09:52:14,387.08,490,189669
2026-01-02 09:52:15,387.08,465,179992
2026-01-02 09:52:16,387.08,486,188121
2026-01-02 09:52:17,387.08,488,188895
2026-01-02 09:52:18,387.08,460,178057
2026-01-02 09:52:19,387.08,485,187734
2026-01-02 09:52:20,387.08,457,176896
2026-01-02 09:52:21,387.08,470,181928
2026-01-02 09:52:22,387.08,471,182315
2026-01-02 09:52:23,387.08,502,194314
2026-01-02 09:52:24,387.08,478,185024
2026-01-02 09:52:25,387.08,476,184250
2026-01-02 09:52:26,387.08,446,172638
2026-01-02 09:52:27,387.08,474,183476
2026-01-02 09:52:28,387.08,460,178057
2026-01-02 09:52:29,387.08,471,182315
2026-01-02 09:52:30,387.08,490,189669
2026-01-02 09:52:31,387.08,414,160251
2026-01-02 09:52:32,387.08,487,188508
2026-01-02 09:52:33,387.08,490,189669
2026-01-02 09:52:34,387.08,460,178057
2026-01-02 09:52:35,387.08,481,186185
2026-01-02 09:52:36,387.08,481,186185
2026-01-02 09:52:37,387.08,438,169541
2026-01-02 09:52:38,387.08,469,181541
2026-01-02 09:52:39,387.08,501,193927
2026-01-02 09:52:40,387.08,468,181153
2026-01-02 09:52:41,387.08,476,184250
2026-01-02 09:52:42,387.08,449,173799
2026-01-02 09:52:43,387.08,450,174186
2026-01-02 09:52:44,387.08,459,177670
2026-01-02 09:52:45,387.08,491,190056
2026-01-02 09:52:46,387.08,454,175734
2026-01-02 09:52:47,387.08,494,191218
2026-01-02 09:52:48,387.08,461,178444
2026-01-02 09:52:49,387.08,469,181541
2026-01-02 09:52:50,387.08,444,171864
2026-01-02 09:52:51,387.08,469,181541
2026-01-02 09:52:52,387.08,452,174960
2026-01-02 09:52:53,387.08,426,164896
2026-01-02 09:52:54,387.08,526,203604
2026-01-02 09:52:55,387.08,489,189282
2026-01-02 09:52:56,387.08,475,183863
2026-01-02 09:52:57,387.08,441,170702
2026-01-02 09:52:58,387.08,461,178444
2026-01-02 09:52:59,387.08,488,188895
2026-01-02 09:53:00,387.08,462,178831
2026-01-02 09:53:01,387.08,496,191992
2026-01-02 09:53:02,387.08,471,182315
2026-01-02 09:53:03,387.08,470,181928
2026-01-02 09:53:04,387.08,488,188895
2026-01-02 09:53:05,387.08,506,195862
2026-01-02 09:53:06,387.08,500,193540
2026-01-02 09:53:07,387.08,456,176508
2026-01-02 09:53:08,387.08,448,173412
2026-01-02 09:53:09,387.08,445,172251
2026-01-02 09:53:10,387.08,486,188121
2026-01-02 09:53:11,387.08,481,186185
2026-01-02 09:53:12,387.08,459,177670
2026-01-02 09:53:13,387.08,460,178057
2026-01-02 09:53:14,387.08,468,181153
2026-01-02 09:53:15,387.08,457,176896
2026-01-02 09:53:16,387.08,470,181928
2026-01-02 09:53:17,387.08,423,163735
2026-01-02 09:53:18,387.08,452,174960
2026-01-02 09:53:19,387.08,478,185024
2026-01-02 09:53:20,387.08,464,179605
2026-01-02 09:53:21,387.08,466,180379
2026-01-02 09:53:22,387.08,470,181928
2026-01-02 09:53:23,387.08,474,183476
2026-01-02 09:53:24,387.08,501,193927
2026-01-02 09:53:25,387.08,502,194314
2026-01-02 09:53:26,387.08,477,184637
2026-01-02 09:53:27,387.08,473,183089
2026-01-02 09:53:28,387.08,451,174573
2026-01-02 09:53:29,387.08,500,193540
2026-01-02 09:53:30,387.08,478,185024
2026-01-02 09:53:31,387.08,465,179992
2026-01-02 09:53:32,387.08,462,178831
2026-01-02 09:53:33,387.08,442,171089
2026-01-02 09:53:34,387.08,455,176121
2026-01-02 09:53:35,387.08,463,179218
2026-01-02 09:53:36,387.08,432,167219
2026-01-02 09:53:37,387.08,454,175734
2026-01-02 09:53:38,387.08,477,184637
2026-01-02 09:53:39,387.08,479,185411
2026-01-02 09:53:40,387.08,446,172638
2026-01-02 09:53:41,387.08,472,182702
2026-01-02 09:53:42,387.08,438,169541
2026-01-02 09:53:43,387.08,446,172638
2026-01-02 09:53:44,387.08,491,190056
2026-01-02 09:53:45,387.08,463,179218
2026-01-02 09:53:46,387.08,447,173025
2026-01-02 09:53:47,387.08,479,185411
2026-01-02 09:53:48,387.08,448,173412
2026-01-02 09:53:49,387.08,474,183476
2026-01-02 09:53:50,387.08,476,184250
2026-01-02 09:53:51,387.08,463,179218
2026-01-02 09:53:52,387.08,481,186185
2026-01-02 09:53:53,387.08,488,188895
2026-01-02 09:53:54,387.08,484,187347
2026-01-02 09:53:55,387.08,449,173799
2026-01-02 09:53:56,387.08,475,183863
2026-01-02 09:53:57,387.08,515,199346
2026-01-02 09:53:58,387.08,474,183476
2026-01-02 09:53:59,387.08,502,194314
2026-01-02 09:54:00,387.08,445,172251
2026-01-02 09:54:01,387.08,470,181928
2026-01-02 09:54:02,387.08,442,171089
2026-01-02 09:54:03,387.08,444,171864
2026-01-02 09:54:04,387.08,482,186573
2026-01-02 09:54:05,387.08,496,191992
2026-01-02 09:54:06,387.08,453,175347
2026-01-02 09:54:07,387.08,479,185411
2026-01-02 09:54:08,387.08,475,183863
2026-01-02 09:54:09,387.08,456,176508
2026-01-02 09:54:10,387.08,456,176508
2026-01-02 09:54:11,387.08,494,191218
2026-01-02 09:54:12,387.08,445,172251
2026-01-02 09:54:13,387.08,443,171476
2026-01-02 09:54:14,387.08,448,173412
2026-01-02 09:54:15,387.08,467,180766
2026-01-02 09:54:16,387.08,500,193540
2026-01-02 09:54:17,387.08,486,188121
2026-01-02 09:54:18,387.08,499,193153
2026-01-02 09:54:19,387.08,440,170315
2026-01-02 09:54:20,387.08,468,181153
2026-01-02 09:54:21,387.08,446,172638
2026-01-02 09:54:22,387.08,424,164122
2026-01-02 09:54:23,387.08,481,186185
2026-01-02 09:54:24,387.08,433,167606
2026-01-02 09:54:25,387.08,433,167606
2026-01-02 09:54:26,387.08,474,183476
2026-01-02 09:54:27,387.08,438,169541
2026-01-02 09:54:28,387.08,461,178444
2026-01-02 09:54:29,387.08,487,188508
2026-01-02 09:54:30,387.08,459,177670
2026-01-02 09:54:31,387.08,434,167993
2026-01-02 09:54:32,387.08,441,170702
2026-01-02 09:54:33,387.08,490,189669
2026-01-02 09:54:34,387.08,457,176896
2026-01-02 09:54:35,387.08,489,189282
2026-01-02 09:54:36,387.08,447,173025
2026-01-02 09:54:37,387.08,477,184637
2026-01-02 09:54:38,387.08,422,163348
2026-01-02 09:54:39,387.08,442,171089
2026-01-02 09:54:40,387.08,473,183089
2026-01-02 09:54:41,387.08,465,179992
2026-01-02 09:54:42,387.08,451,174573
2026-01-02 09:54:43,387.08,428,165670
2026-01-02 09:54:44,387.08,489,189282
2026-01-02 09:54:45,387.08,477,184637
2026-01-02 09:54:46,387.08,452,174960
2026-01-02 09:54:47,387.08,444,171864
2026-01-02 09:54:48,387.08,453,175347
2026-01-02 09:54:49,387.08,457,176896
2026-01-02 09:54:50,387.08,478,185024
2026-01-02 09:54:51,387.08,457,176896
2026-01-02 09:54:52,387.08,456,176508
2026-01-02 09:54:53,387.08,501,193927
2026-01-02 09:54:54,387.08,459,177670
2026-01-02 09:54:55,387.08,489,189282
2026-01-02 09:54:56,387.08,466,180379
2026-01-02 09:54:57,387.08,455,176121
2026-01-02 09:54:58,387.08,469,181541
2026-01-02 09:54:59,387.08,475,183863
2026-01-02 09:55:00,387.08,437,169154
2026-01-02 09:55:01,387.08,455,176121
2026-01-02 09:55:02,387.08,485,187734
2026-01-02 09:55:03,387.08,473,183089
2026-01-02 09:55:04,387.08,443,171476
2026-01-02 09:55:05,387.08,485,187734
2026-01-02 09:55:06,387.08,445,172251
2026-01-02 09:55:07,387.08,461,178444
2026-01-02 09:55:08,387.08,466,180379
2026-01-02 09:55:09,387.08,488,188895
2026-01-02 09:55:10,387.08,454,175734
2026-01-02 09:55:11,387.08,462,178831
2026-01-02 09:55:12,387.08,466,180379
2026-01-02 09:55:13,387.08,456,176508
2026-01-02 09:55:14,387.08,491,190056
2026-01-02 09:55:15,387.08,434,167993
2026-01-02 09:55:16,387.08,473,183089
2026-01-02 09:55:17,387.08,445,172251
2026-01-02 09:55:18,387.08,490,189669
2026-01-02 09:55:19,387.08,437,169154
2026-01-02 09:55:20,387.08,429,166057
2026-01-02 09:55:21,387.08,451,174573
2026-01-02 09:55:22,387.08,451,174573
2026-01-02 09:55:23,387.08,493,190830
2026-01-02 09:55:24,387.08,441,170702
2026-01-02 09:55:25,387.08,455,176121
2026-01-02 09:55:26,387.08,411,159090
2026-01-02 09:55:27,387.08,451,174573
2026-01-02 09:55:28,387.08,502,194314
2026-01-02 09:55:29,387.08,442,171089
2026-01-02 09:55:30,387.08,448,173412
2026-01-02 09:55:31,387.08,450,174186
2026-01-02 09:55:32,387.08,459,177670
2026-01-02 09:55:33,387.08,455,176121
2026-01-02 09:55:34,387.08,446,172638
2026-01-02 09:55:35,387.08,456,176508
2026-01-02 09:55:36,387.08,474,183476
2026-01-02 09:55:37,387.08,469,181541
2026-01-02 09:55:38,387.08,443,171476
2026-01-02 09:55:39,387.08,420,162574
2026-01-02 09:55:40,387.08,468,181153
2026-01-02 09:55:41,387.08,465,179992
2026-01-02 09:55:42,387.08,437,169154
2026-01-02 09:55:43,387.08,444,171864
2026-01-02 09:55:44,387.08,468,181153
2026-01-02 09:55:45,387.08,469,181541
2026-01-02 09:55:46,387.08,461,178444
2026-01-02 09:55:47,387.08,436,168767
2026-01-02 09:55:48,387.08,409,158316
2026-01-02 09:55:49,387.08,447,173025
2026-01-02 09:55:50,387.08,446,172638
2026-01-02 09:55:51,387.08,414,160251
2026-01-02 09:55:52,387.08,481,186185
2026-01-02 09:55:53,387.08,434,167993
2026-01-02 09:55:54,387.08,416,161025
2026-01-02 09:55:55,387.08,439,169928
2026-01-02 09:55:56,387.08,461,178444
2026-01-02 09:55:57,387.08,419,162187
2026-01-02 09:55:58,387.08,435,168380
2026-01-02 09:55:59,387.08,438,169541
2026-01-02 09:56:00,387.08,463,179218
2026-01-02 09:56:01,387.08,473,183089
2026-01-02 09:56:02,387.08,462,178831
2026-01-02 09:56:03,387.08,484,187347
2026-01-02 09:56:04,387.08,445,172251
2026-01-02 09:56:05,387.08,447,173025
2026-01-02 09:56:06,387.08,443,171476
2026-01-02 09:56:07,387.08,446,172638
2026-01-02 09:56:08,387.08,450,174186
2026-01-02 09:56:09,387.08,482,186573
2026-01-02 09:56:10,387.08,450,174186
2026-01-02 09:56:11,387.08,480,185798
2026-01-02 09:56:12,387.08,421,162961
2026-01-02 09:56:13,387.08,427,165283
2026-01-02 09:56:14,387.08,444,171864
2026-01-02 09:56:15,387.08,437,169154
2026-01-02 09:56:16,387.08,455,176121
2026-01-02 09:56:17,387.08,438,169541
2026-01-02 09:56:18,387.08,464,179605
2026-01-02 09:56:19,387.08,426,164896
2026-01-02 09:56:20,387.08,459,177670
2026-01-02 09:56:21,387.08,468,181153
2026-01-02 09:56:22,387.08,493,190830
2026-01-02 09:56:23,387.08,441,170702
2026-01-02 09:56:24,387.08,427,165283
2026-01-02 09:56:25,387.08,453,175347
2026-01-02 09:56:26,387.08,444,171864
2026-01-02 09:56:27,387.08,457,176896
2026-01-02 09:56:28,387.08,436,168767
2026-01-02 09:56:29,387.08,448,173412
2026-01-02 09:56:30,387.08,506,195862
2026-01-02 09:56:31,387.08,442,171089
2026-01-02 09:56:32,387.08,449,173799
2026-01-02 09:56:33,387.08,453,175347
2026-01-02 09:56:34,387.08,460,178057
2026-01-02 09:56:35,387.08,475,183863
2026-01-02 09:56:36,387.08,468,181153
2026-01-02 09:56:37,387.08,453,175347
2026-01-02 09:56:38,387.08,449,173799
2026-01-02 09:56:39,387.08,448,173412
2026-01-02 09:56:40,387.08,479,185411
2026-01-02 09:56:41,387.08,464,179605
2026-01-02 09:56:42,387.08,426,164896
2026-01-02 09:56:43,387.08,477,184637
2026-01-02 09:56:44,387.08,497,192379
2026-01-02 09:56:45,387.08,456,176508
2026-01-02 09:56:46,387.08,407,157542
2026-01-02 09:56:47,387.08,383,148252
2026-01-02 09:56:48,387.08,506,195862
2026-01-02 09:56:49,387.08,416,161025
2026-01-02 09:56:50,387.08,458,177283
2026-01-02 09:56:51,387.08,456,176508
2026-01-02 09:56:52,387.08,464,179605
2026-01-02 09:56:53,387.08,460,178057
2026-01-02 09:56:54,387.08,461,178444
2026-01-02 09:56:55,387.08,439,169928
2026-01-02 09:56:56,387.08,440,170315
2026-01-02 09:56:57,387.08,461,178444
2026-01-02 09:56:58,387.08,489,189282
2026-01-02 09:56:59,387.08,445,172251
2026-01-02 09:57:00,387.08,450,174186
2026-01-02 09:57:01,387.08,448,173412
2026-01-02 09:57:02,387.08,451,174573
2026-01-02 09:57:03,387.08,484,187347
2026-01-02 09:57:04,387.08,434,167993
2026-01-02 09:57:05,387.08,457,176896
2026-01-02 09:57:06,387.08,466,180379
2026-01-02 09:57:07,387.08,480,185798
2026-01-02 09:57:08,387.08,421,162961
2026-01-02 09:57:09,387.08,461,178444
2026-01-02 09:57:10,387.08,443,171476
2026-01-02 09:57:11,387.08,474,183476
2026-01-02 09:57:12,387.08,463,179218
2026-01-02 09:57:13,387.08,447,173025
2026-01-02 09:57:14,387.08,467,180766
2026-01-02 09:57:15,387.08,456,176508
2026-01-02 09:57:16,387.08,456,176508
2026-01-02 09:57:17,387.08,448,173412
2026-01-02 09:57:18,387.08,426,164896
2026-01-02 09:57:19,387.08,410,158703
2026-01-02 09:57:20,387.08,431,166831
2026-01-02 09:57:21,387.08,461,178444
2026-01-02 09:57:22,387.08,458,177283
2026-01-02 09:57:23,387.08,456,176508
2026-01-02 09:57:24,387.08,478,185024
2026-01-02 09:57:25,387.08,429,166057
2026-01-02 09:57:26,387.08,448,173412
2026-01-02 09:57:27,387.08,461,178444
2026-01-02 09:57:28,387.08,464,179605
2026-01-02 09:57:29,387.08,457,176896
2026-01-02 09:57:30,387.08,446,172638
2026-01-02 09:57:31,387.08,448,173412
2026-01-02 09:57:32,387.08,435,168380
2026-01-02 09:57:33,387.08,484,187347
2026-01-02 09:57:34,387.08,476,184250
2026-01-02 09:57:35,387.08,459,177670
2026-01-02 09:57:36,387.08,464,179605
2026-01-02 09:57:37,387.08,445,172251
2026-01-02 09:57:38,387.08,432,167219
2026-01-02 09:57:39,387.08,434,167993
2026-01-02 09:57:40,387.08,440,170315
2026-01-02 09:57:41,387.08,444,171864
2026-01-02 09:57:42,387.08,425,164509
2026-01-02 09:57:43,387.08,462,178831
2026-01-02 09:57:44,387.08,465,179992
2026-01-02 09:57:45,387.08,428,165670
2026-01-02 09:57:46,387.08,488,188895
2026-01-02 09:57:47,387.08,459,177670
2026-01-02 09:57:48,387.08,452,174960
2026-01-02 09:57:49,387.08,400,154832
2026-01-02 09:57:50,387.08,459,177670
2026-01-02 09:57:51,387.08,456,176508
2026-01-02 09:57:52,387.08,439,169928
2026-01-02 09:57:53,387.08,430,166444
2026-01-02 09:57:54,387.08,455,176121
2026-01-02 09:57:55,387.08,458,177283
2026-01-02 09:57:56,387.08,448,173412
2026-01-02 09:57:57,387.08,464,179605
2026-01-02 09:57:58,387.08,424,164122
2026-01-02 09:57:59,387.08,428,165670
2026-01-02 09:58:00,387.08,495,191605
2026-01-02 09:58:01,387.08,463,179218
2026-01-02 09:58:02,387.08,463,179218
2026-01-02 09:58:03,387.08,448,173412
2026-01-02 09:58:04,387.08,449,173799
2026-01-02 09:58:05,387.08,472,182702
2026-01-02 09:58:06,387.08,437,169154
2026-01-02 09:58:07,387.08,452,174960
2026-01-02 09:58:08,387.08,463,179218
2026-01-02 09:58:09,387.08,457,176896
2026-01-02 09:58:10,387.08,428,165670
2026-01-02 09:58:11,387.08,413,159864
2026-01-02 09:58:12,387.08,463,179218
2026-01-02 09:58:13,387.08,416,161025
2026-01-02 09:58:14,387.08,451,174573
2026-01-02 09:58:15,387.08,473,183089
2026-01-02 09:58:16,387.08,467,180766
2026-01-02 09:58:17,387.08,441,170702
2026-01-02 09:58:18,387.08,456,176508
2026-01-02 09:58:19,387.08,433,167606
2026-01-02 09:58:20,387.08,452,174960
2026-01-02 09:58:21,387.08,458,177283
2026-01-02 09:58:22,387.08,435,168380
2026-01-02 09:58:23,387.08,438,169541
2026-01-02 09:58:24,387.08,435,168380
2026-01-02 09:58:25,387.08,413,159864
2026-01-02 09:58:26,387.08,463,179218
2026-01-02 09:58:27,387.08,468,181153
2026-01-02 09:58:28,387.08,462,178831
2026-01-02 09:58:29,387.08,445,172251
2026-01-02 09:58:30,387.08,440,170315
2026-01-02 09:58:31,387.08,429,166057
2026-01-02 09:58:32,387.08,464,179605
2026-01-02 09:58:33,387.08,394,152510
2026-01-02 09:58:34,387.08,436,168767
2026-01-02 09:58:35,387.08,456,176508
2026-01-02 09:58:36,387.08,443,171476
2026-01-02 09:58:37,387.08,415,160638
2026-01-02 09:58:38,387.08,418,161799
2026-01-02 09:58:39,387.08,423,163735
2026-01-02 09:58:40,387.08,415,160638
2026-01-02 09:58:41,387.08,396,153284
2026-01-02 09:58:42,387.08,465,179992
2026-01-02 09:58:43,387.08,436,168767
2026-01-02 09:58:44,387.08,452,174960
2026-01-02 09:58:45,387.08,479,185411
2026-01-02 09:58:46,387.08,475,183863
2026-01-02 09:58:47,387.08,421,162961
2026-01-02 09:58:48,387.08,466,180379
2026-01-02 09:58:49,387.08,434,167993
2026-01-02 09:58:50,387.08,447,173025
2026-01-02 09:58:51,387.08,415,160638
2026-01-02 09:58:52,387.08,470,181928
2026-01-02 09:58:53,387.08,441,170702
2026-01-02 09:58:54,387.08,484,187347
2026-01-02 09:58:55,387.08,400,154832
2026-01-02 09:58:56,387.08,433,167606
2026-01-02 09:58:57,387.08,436,168767
2026-01-02 09:58:58,387.08,433,167606
2026-01-02 09:58:59,387.08,460,178057
2026-01-02 09:59:00,387.08,423,163735
2026-01-02 09:59:01,387.08,433,167606
2026-01-02 09:59:02,387.08,439,169928
2026-01-02 09:59:03,387.08,431,166831
2026-01-02 09:59:04,387.08,398,154058
2026-01-02 09:59:05,387.08,469,181541
2026-01-02 09:59:06,387.08,441,170702
2026-01-02 09:59:07,387.08,431,166831
2026-01-02 09:59:08,387.08,441,170702
2026-01-02 09:59:09,387.08,471,182315
2026-01-02 09:59:10,387.08,460,178057
2026-01-02 09:59:11,387.08,472,182702
2026-01-02 09:59:12,387.08,453,175347
2026-01-02 09:59:13,387.08,447,173025
2026-01-02 09:59:14,387.08,454,175734
2026-01-02 09:59:15,387.08,452,174960
2026-01-02 09:59:16,387.08,422,163348
2026-01-02 09:59:17,387.08,437,169154
2026-01-02 09:59:18,387.08,436,168767
2026-01-02 09:59:19,387.08,487,188508
2026-01-02 09:59:20,387.08,479,185411
2026-01-02 09:59:21,387.08,460,178057
2026-01-02 09:59:22,387.08,428,165670
2026-01-02 09:59:23,387.08,438,169541
2026-01-02 09:59:24,387.08,439,169928
2026-01-02 09:59:25,387.08,453,175347
2026-01-02 09:59:26,387.08,467,180766
2026-01-02 09:59:27,387.08,436,168767
2026-01-02 09:59:28,387.08,459,177670
2026-01-02 09:59:29,387.08,431,166831
2026-01-02 09:59:30,387.08,442,171089
2026-01-02 09:59:31,387.08,440,170315
2026-01-02 09:59:32,387.08,440,170315
2026-01-02 09:59:33,387.08,414,160251
2026-01-02 09:59:34,387.08,438,169541
2026-01-02 09:59:35,387.08,483,186960
2026-01-02 09:59:36,387.08,442,171089
2026-01-02 09:59:37,387.08,443,171476
2026-01-02 09:59:38,387.08,429,166057
2026-01-02 09:59:39,387.08,423,163735
2026-01-02 09:59:40,387.08,451,174573
2026-01-02 09:59:41,387.08,436,168767
2026-01-02 09:59:42,387.08,503,194701
2026-01-02 09:59:43,387.08,425,164509
2026-01-02 09:59:44,387.08,427,165283
2026-01-02 09:59:45,387.08,441,170702
2026-01-02 09:59:46,387.08,423,163735
2026-01-02 09:59:47,387.08,440,170315
2026-01-02 09:59:48,387.08,433,167606
2026-01-02 09:59:49,387.08,430,166444
2026-01-02 09:59:50,387.08,453,175347
2026-01-02 09:59:51,387.08,441,170702
2026-01-02 09:59:52,387.08,462,178831
2026-01-02 09:59:53,387.08,449,173799
2026-01-02 09:59:54,387.08,415,160638
2026-01-02 09:59:55,387.08,475,183863
2026-01-02 09:59:56,387.08,443,171476
2026-01-02 09:59:57,387.08,424,164122
2026-01-02 09:59:58,387.08,444,171864
2026-01-02 09:59:59,387.08,448,173412
2026-01-02 10:00:00,387.08,466,180379
2026-01-02 10:00:01,387.08,428,165670
2026-01-02 10:00:02,387.08,440,170315
2026-01-02 10:00:03,387.08,429,166057
2026-01-02 10:00:04,387.08,446,172638
2026-01-02 10:00:05,387.08,435,168380
2026-01-02 10:00:06,387.08,429,166057
2026-01-02 10:00:07,387.08,457,176896
2026-01-02 10:00:08,387.08,463,179218
2026-01-02 10:00:09,387.08,446,172638
2026-01-02 10:00:10,387.08,440,170315
2026-01-02 10:00:11,387.08,457,176896
2026-01-02 10:00:12,387.08,433,167606
2026-01-02 10:00:13,387.08,404,156380
2026-01-02 10:00:14,387.08,407,157542
2026-01-02 10:00:15,387.08,440,170315
2026-01-02 10:00:16,387.08,429,166057
2026-01-02 10:00:17,387.08,441,170702
2026-01-02 10:00:18,387.08,427,165283
2026-01-02 10:00:19,387.08,470,181928
2026-01-02 10:00:20,387.08,415,160638
2026-01-02 10:00:21,387.08,411,159090
2026-01-02 10:00:22,387.08,402,155606
2026-01-02 10:00:23,387.08,457,176896
2026-01-02 10:00:24,387.08,443,171476
2026-01-02 10:00:25,387.08,409,158316
2026-01-02 10:00:26,387.08,431,166831
2026-01-02 10:00:27,387.08,449,173799
2026-01-02 10:00:28,387.08,416,161025
2026-01-02 10:00:29,387.08,419,162187
2026-01-02 10:00:30,387.08,415,160638
2026-01-02 10:00:31,387.08,448,173412
2026-01-02 10:00:32,387.08,445,172251
2026-01-02 10:00:33,387.08,463,179218
2026-01-02 10:00:34,387.08,431,166831
2026-01-02 10:00:35,387.08,436,168767
2026-01-02 10:00:36,387.08,450,174186
2026-01-02 10:00:37,387.08,420,162574
2026-01-02 10:00:38,387.08,481,186185
2026-01-02 10:00:39,387.08,445,172251
2026-01-02 10:00:40,387.08,421,162961
2026-01-02 10:00:41,387.08,420,162574
2026-01-02 10:00:42,387.08,423,163735
2026-01-02 10:00:43,387.08,449,173799
2026-01-02 10:00:44,387.08,422,163348
2026-01-02 10:00:45,387.08,428,165670
2026-01-02 10:00:46,387.08,435,168380
2026-01-02 10:00:47,387.08,443,171476
2026-01-02 10:00:48,387.08,432,167219
2026-01-02 10:00:49,387.08,431,166831
2026-01-02 10:00:50,387.08,456,176508
2026-01-02 10:00:51,387.08,403,155993
2026-01-02 10:00:52,387.08,449,173799
2026-01-02 10:00:53,387.08,452,174960
2026-01-02 10:00:54,387.08,469,181541
2026-01-02 10:00:55,387.08,443,171476
2026-01-02 10:00:56,387.08,423,163735
2026-01-02 10:00:57,387.08,441,170702
2026-01-02 10:00:58,387.08,431,166831
2026-01-02 10:00:59,387.08,409,158316
2026-01-02 10:01:00,387.08,438,169541
2026-01-02 10:01:01,387.08,451,174573
2026-01-02 10:01:02,387.08,441,170702
2026-01-02 10:01:03,387.08,434,167993
2026-01-02 10:01:04,387.08,452,174960
2026-01-02 10:01:05,387.08,415,160638
2026-01-02 10:01:06,387.08,425,164509
2026-01-02 10:01:07,387.08,440,170315
2026-01-02 10:01:08,387.08,424,164122
2026-01-02 10:01:09,387.08,457,176896
2026-01-02 10:01:10,387.08,450,174186
2026-01-02 10:01:11,387.08,425,164509
2026-01-02 10:01:12,387.08,413,159864
2026-01-02 10:01:13,387.08,435,168380
2026-01-02 10:01:14,387.08,436,168767
2026-01-02 10:01:15,387.08,429,166057
2026-01-02 10:01:16,387.08,419,162187
2026-01-02 10:01:17,387.08,451,174573
2026-01-02 10:01:18,387.08,422,163348
2026-01-02 10:01:19,387.08,428,165670
2026-01-02 10:01:20,387.08,412,159477
2026-01-02 10:01:21,387.08,430,166444
2026-01-02 10:01:22,387.08,465,179992
2026-01-02 10:01:23,387.08,451,174573
2026-01-02 10:01:24,387.08,422,163348
2026-01-02 10:01:25,387.08,426,164896
2026-01-02 10:01:26,387.08,409,158316
2026-01-02 10:01:27,387.08,428,165670
2026-01-02 10:01:28,387.08,421,162961
2026-01-02 10:01:29,387.08,425,164509
2026-01-02 10:01:30,387.08,435,168380
2026-01-02 10:01:31,387.08,421,162961
2026-01-02 10:01:32,387.08,483,186960
2026-01-02 10:01:33,387.08,423,163735
2026-01-02 10:01:34,387.08,478,185024
2026-01-02 10:01:35,387.08,431,166831
2026-01-02 10:01:36,387.08,461,178444
2026-01-02 10:01:37,387.08,423,163735
2026-01-02 10:01:38,387.08,445,172251
2026-01-02 10:01:39,387.08,444,171864
2026-01-02 10:01:40,387.08,430,166444
2026-01-02 10:01:41,387.08,403,155993
2026-01-02 10:01:42,387.08,441,170702
2026-01-02 10:01:43,387.08,434,167993
2026-01-02 10:01:44,387.08,429,166057
2026-01-02 10:01:45,387.08,414,160251
2026-01-02 10:01:46,387.08,407,157542
2026-01-02 10:01:47,387.08,433,167606
2026-01-02 10:01:48,387.08,436,168767
2026-01-02 10:01:49,387.08,420,162574
2026-01-02 10:01:50,387.08,416,161025
2026-01-02 10:01:51,387.08,417,161412
2026-01-02 10:01:52,387.08,408,157929
2026-01-02 10:01:53,387.08,379,146703
2026-01-02 10:01:54,387.08,415,160638
2026-01-02 10:01:55,387.08,499,193153
2026-01-02 10:01:56,387.08,452,174960
2026-01-02 10:01:57,387.08,416,161025
2026-01-02 10:01:58,387.08,436,168767
2026-01-02 10:01:59,387.08,423,163735
2026-01-02 10:02:00,387.08,415,160638
2026-01-02 10:02:01,387.08,405,156767
2026-01-02 10:02:02,387.08,400,154832
2026-01-02 10:02:03,387.08,416,161025
2026-01-02 10:02:04,387.08,450,174186
2026-01-02 10:02:05,387.08,425,164509
2026-01-02 10:02:06,387.08,390,150961
2026-01-02 10:02:07,387.08,429,166057
2026-01-02 10:02:08,387.08,435,168380
2026-01-02 10:02:09,387.08,400,154832
2026-01-02 10:02:10,387.08,424,164122
2026-01-02 10:02:11,387.08,411,159090
2026-01-02 10:02:12,387.08,434,167993
2026-01-02 10:02:13,387.08,443,171476
2026-01-02 10:02:14,387.08,424,164122
2026-01-02 10:02:15,387.08,445,172251
2026-01-02 10:02:16,387.08,407,157542
2026-01-02 10:02:17,387.08,419,162187
2026-01-02 10:02:18,387.08,438,169541
2026-01-02 10:02:19,387.08,387,149800
2026-01-02 10:02:20,387.08,415,160638
2026-01-02 10:02:21,387.08,467,180766
2026-01-02 10:02:22,387.08,415,160638
2026-01-02 10:02:23,387.08,436,168767
2026-01-02 10:02:24,387.08,397,153671
2026-01-02 10:02:25,387.08,430,166444
2026-01-02 10:02:26,387.08,434,167993
2026-01-02 10:02:27,387.08,445,172251
2026-01-02 10:02:28,387.08,421,162961
2026-01-02 10:02:29,387.08,399,154445
2026-01-02 10:02:30,387.08,398,154058
2026-01-02 10:02:31,387.08,416,161025
2026-01-02 10:02:32,387.08,448,173412
2026-01-02 10:02:33,387.08,438,169541
2026-01-02 10:02:34,387.08,445,172251
2026-01-02 10:02:35,387.08,461,178444
2026-01-02 10:02:36,387.08,441,170702
2026-01-02 10:02:37,387.08,458,177283
2026-01-02 10:02:38,387.08,462,178831
2026-01-02 10:02:39,387.08,465,179992
2026-01-02 10:02:40,387.08,416,161025
2026-01-02 10:02:41,387.08,432,167219
2026-01-02 10:02:42,387.08,444,171864
2026-01-02 10:02:43,387.08,378,146316
2026-01-02 10:02:44,387.08,445,172251
2026-01-02 10:02:45,387.08,442,171089
2026-01-02 10:02:46,387.08,458,177283
2026-01-02 10:02:47,387.08,428,165670
2026-01-02 10:02:48,387.08,403,155993
2026-01-02 10:02:49,387.08,419,162187
2026-01-02 10:02:50,387.08,407,157542
2026-01-02 10:02:51,387.08,422,163348
2026-01-02 10:02:52,387.08,436,168767
2026-01-02 10:02:53,387.08,438,169541
2026-01-02 10:02:54,387.08,426,164896
2026-01-02 10:02:55,387.08,461,178444
2026-01-02 10:02:56,387.08,407,157542
2026-01-02 10:02:57,387.08,389,150574
2026-01-02 10:02:58,387.08,427,165283
2026-01-02 10:02:59,387.08,412,159477
2026-01-02 10:03:00,387.08,387,149800
2026-01-02 10:03:01,387.08,429,166057
2026-01-02 10:03:02,387.08,420,162574
2026-01-02 10:03:03,387.08,400,154832
2026-01-02 10:03:04,387.08,437,169154
2026-01-02 10:03:05,387.08,448,173412
2026-01-02 10:03:06,387.08,400,154832
2026-01-02 10:03:07,387.08,376,145542
2026-01-02 10:03:08,387.08,427,165283
2026-01-02 10:03:09,387.08,424,164122
2026-01-02 10:03:10,387.08,421,162961
2026-01-02 10:03:11,387.08,386,149413
2026-01-02 10:03:12,387.08,410,158703
2026-01-02 10:03:13,387.08,391,151348
2026-01-02 10:03:14,387.08,398,154058
2026-01-02 10:03:15,387.08,437,169154
2026-01-02 10:03:16,387.08,416,161025
2026-01-02 10:03:17,387.08,396,153284
2026-01-02 10:03:18,387.08,427,165283
2026-01-02 10:03:19,387.08,432,167219
2026-01-02 10:03:20,387.08,434,167993
2026-01-02 10:03:21,387.08,459,177670
2026-01-02 10:03:22,387.08,431,166831
2026-01-02 10:03:23,387.08,414,160251
2026-01-02 10:03:24,387.08,418,161799
2026-01-02 10:03:25,387.08,421,162961
2026-01-02 10:03:26,387.08,425,164509
2026-01-02 10:03:27,387.08,453,175347
2026-01-02 10:03:28,387.08,413,159864
2026-01-02 10:03:29,387.08,453,175347
2026-01-02 10:03:30,387.08,398,154058
2026-01-02 10:03:31,387.08,394,152510
2026-01-02 10:03:32,387.08,419,162187
2026-01-02 10:03:33,387.08,459,177670
2026-01-02 10:03:34,387.08,404,156380
2026-01-02 10:03:35,387.08,373,144381
2026-01-02 10:03:36,387.08,413,159864
2026-01-02 10:03:37,387.08,446,172638
2026-01-02 10:03:38,387.08,407,157542
2026-01-02 10:03:39,387.08,419,162187
2026-01-02 10:03:40,387.08,438,169541
2026-01-02 10:03:41,387.08,438,169541
2026-01-02 10:03:42,387.08,438,169541
2026-01-02 10:03:43,387.08,472,182702
2026-01-02 10:03:44,387.08,427,165283
2026-01-02 10:03:45,387.08,435,168380
2026-01-02 10:03:46,387.08,442,171089
2026-01-02 10:03:47,387.08,416,161025
2026-01-02 10:03:48,387.08,418,161799
2026-01-02 10:03:49,387.08,428,165670
2026-01-02 10:03:50,387.08,412,159477
2026-01-02 10:03:51,387.08,418,161799
2026-01-02 10:03:52,387.08,414,160251
2026-01-02 10:03:53,387.08,414,160251
2026-01-02 10:03:54,387.08,482,186573
2026-01-02 10:03:55,387.08,440,170315
2026-01-02 10:03:56,387.08,436,168767
2026-01-02 10:03:57,387.08,398,154058
2026-01-02 10:03:58,387.08,425,164509
2026-01-02 10:03:59,387.08,410,158703
2026-01-02 10:04:00,387.08,418,161799
2026-01-02 10:04:01,387.08,428,165670
2026-01-02 10:04:02,387.08,426,164896
2026-01-02 10:04:03,387.08,395,152897
2026-01-02 10:04:04,387.08,441,170702
2026-01-02 10:04:05,387.08,429,166057
2026-01-02 10:04:06,387.08,418,161799
2026-01-02 10:04:07,387.08,450,174186
2026-01-02 10:04:08,387.08,416,161025
2026-01-02 10:04:09,387.08,401,155219
2026-01-02 10:04:10,387.08,433,167606
2026-01-02 10:04:11,387.08,448,173412
2026-01-02 10:04:12,387.08,436,168767
2026-01-02 10:04:13,387.08,422,163348
2026-01-02 10:04:14,387.08,432,167219
2026-01-02 10:04:15,387.08,409,158316
2026-01-02 10:04:16,387.08,444,171864
2026-01-02 10:04:17,387.08,449,173799
2026-01-02 10:04:18,387.08,382,147865
2026-01-02 10:04:19,387.08,418,161799
2026-01-02 10:04:20,387.08,411,159090
2026-01-02 10:04:21,387.08,386,149413
2026-01-02 10:04:22,387.08,403,155993
2026-01-02 10:04:23,387.08,391,151348
2026-01-02 10:04:24,387.08,469,181541
2026-01-02 10:04:25,387.08,397,153671
2026-01-02 10:04:26,387.08,421,162961
2026-01-02 10:04:27,387.08,406,157154
2026-01-02 10:04:28,387.08,428,165670
2026-01-02 10:04:29,387.08,436,168767
2026-01-02 10:04:30,387.08,473,183089
2026-01-02 10:04:31,387.08,436,168767
2026-01-02 10:04:32,387.08,395,152897
2026-01-02 10:04:33,387.08,435,168380
2026-01-02 10:04:34,387.08,397,153671
2026-01-02 10:04:35,387.08,421,162961
2026-01-02 10:04:36,387.08,404,156380
2026-01-02 10:04:37,387.08,419,162187
2026-01-02 10:04:38,387.08,451,174573
2026-01-02 10:04:39,387.08,401,155219
2026-01-02 10:04:40,387.08,416,161025
2026-01-02 10:04:41,387.08,409,158316
2026-01-02 10:04:42,387.08,409,158316
2026-01-02 10:04:43,387.08,426,164896
2026-01-02 10:04:44,387.08,407,157542
2026-01-02 10:04:45,387.08,369,142833
2026-01-02 10:04:46,387.08,446,172638
2026-01-02 10:04:47,387.08,417,161412
2026-01-02 10:04:48,387.08,422,163348
2026-01-02 10:04:49,387.08,418,161799
2026-01-02 10:04:50,387.08,392,151735
2026-01-02 10:04:51,387.08,440,170315
2026-01-02 10:04:52,387.08,418,161799
2026-01-02 10:04:53,387.08,468,181153
2026-01-02 10:04:54,387.08,428,165670
2026-01-02 10:04:55,387.08,472,182702
2026-01-02 10:04:56,387.08,400,154832
2026-01-02 10:04:57,387.08,452,174960
2026-01-02 10:04:58,387.08,410,158703
2026-01-02 10:04:59,387.08,431,166831
2026-01-02 10:05:00,387.08,405,156767
2026-01-02 10:05:01,387.08,414,160251
2026-01-02 10:05:02,387.08,435,168380
2026-01-02 10:05:03,387.08,436,168767
2026-01-02 10:05:04,387.08,416,161025
2026-01-02 10:05:05,387.08,442,171089
2026-01-02 10:05:06,387.08,405,156767
2026-01-02 10:05:07,387.08,424,164122
2026-01-02 10:05:08,387.08,424,164122
2026-01-02 10:05:09,387.08,417,161412
2026-01-02 10:05:10,387.08,399,154445
2026-01-02 10:05:11,387.08,436,168767
2026-01-02 10:05:12,387.08,406,157154
2026-01-02 10:05:13,387.08,398,154058
2026-01-02 10:05:14,387.08,376,145542
2026-01-02 10:05:15,387.08,402,155606
2026-01-02 10:05:16,387.08,396,153284
2026-01-02 10:05:17,387.08,386,149413
2026-01-02 10:05:18,387.08,414,160251
2026-01-02 10:05:19,387.08,411,159090
2026-01-02 10:05:20,387.08,422,163348
2026-01-02 10:05:21,387.08,411,159090
2026-01-02 10:05:22,387.08,417,161412
2026-01-02 10:05:23,387.08,400,154832
2026-01-02 10:05:24,387.08,403,155993
2026-01-02 10:05:25,387.08,444,171864
2026-01-02 10:05:26,387.08,406,157154
2026-01-02 10:05:27,387.08,417,161412
2026-01-02 10:05:28,387.08,414,160251
2026-01-02 10:05:29,387.08,384,148639
2026-01-02 10:05:30,387.08,418,161799
2026-01-02 10:05:31,387.08,412,159477
2026-01-02 10:05:32,387.08,416,161025
2026-01-02 10:05:33,387.08,439,169928
2026-01-02 10:05:34,387.08,402,155606
2026-01-02 10:05:35,387.08,437,169154
2026-01-02 10:05:36,387.08,437,169154
2026-01-02 10:05:37,387.08,402,155606
2026-01-02 10:05:38,387.08,382,147865
2026-01-02 10:05:39,387.08,402,155606
2026-01-02 10:05:40,387.08,411,159090
2026-01-02 10:05:41,387.08,415,160638
2026-01-02 10:05:42,387.08,419,162187
2026-01-02 10:05:43,387.08,374,144768
2026-01-02 10:05:44,387.08,386,149413
2026-01-02 10:05:45,387.08,394,152510
2026-01-02 10:05:46,387.08,401,155219
2026-01-02 10:05:47,387.08,413,159864
2026-01-02 10:05:48,387.08,409,158316
2026-01-02 10:05:49,387.08,438,169541
2026-01-02 10:05:50,387.08,445,172251
2026-01-02 10:05:51,387.08,390,150961
2026-01-02 10:05:52,387.08,399,154445
2026-01-02 10:05:53,387.08,404,156380
2026-01-02 10:05:54,387.08,424,164122
2026-01-02 10:05:55,387.08,443,171476
2026-01-02 10:05:56,387.08,406,157154
2026-01-02 10:05:57,387.08,436,168767
2026-01-02 10:05:58,387.08,413,159864
2026-01-02 10:05:59,387.08,393,152122
2026-01-02 10:06:00,387.08,404,156380
2026-01-02 10:06:01,387.08,431,166831
2026-01-02 10:06:02,387.08,405,156767
2026-01-02 10:06:03,387.08,413,159864
2026-01-02 10:06:04,387.08,424,164122
2026-01-02 10:06:05,387.08,415,160638
2026-01-02 10:06:06,387.08,392,151735
2026-01-02 10:06:07,387.08,386,149413
2026-01-02 10:06:08,387.08,410,158703
2026-01-02 10:06:09,387.08,421,162961
2026-01-02 10:06:10,387.08,424,164122
2026-01-02 10:06:11,387.08,428,165670
2026-01-02 10:06:12,387.08,443,171476
2026-01-02 10:06:13,387.08,423,163735
2026-01-02 10:06:14,387.08,401,155219
2026-01-02 10:06:15,387.08,430,166444
2026-01-02 10:06:16,387.08,443,171476
2026-01-02 10:06:17,387.08,368,142445
2026-01-02 10:06:18,387.08,423,163735
2026-01-02 10:06:19,387.08,378,146316
2026-01-02 10:06:20,387.08,398,154058
2026-01-02 10:06:21,387.08,415,160638
2026-01-02 10:06:22,387.08,395,152897
2026-01-02 10:06:23,387.08,404,156380
2026-01-02 10:06:24,387.08,430,166444
2026-01-02 10:06:25,387.08,406,157154
2026-01-02 10:06:26,387.08,422,163348
2026-01-02 10:06:27,387.08,389,150574
2026-01-02 10:06:28,387.08,416,161025
2026-01-02 10:06:29,387.08,428,165670
2026-01-02 10:06:30,387.08,427,165283
2026-01-02 10:06:31,387.08,415,160638
2026-01-02 10:06:32,387.08,370,143220
2026-01-02 10:06:33,387.08,395,152897
2026-01-02 10:06:34,387.08,376,145542
2026-01-02 10:06:35,387.08,389,150574
2026-01-02 10:06:36,387.08,439,169928
2026-01-02 10:06:37,387.08,461,178444
2026-01-02 10:06:38,387.08,391,151348
2026-01-02 10:06:39,387.08,444,171864
2026-01-02 10:06:40,387.08,425,164509
2026-01-02 10:06:41,387.08,405,156767
2026-01-02 10:06:42,387.08,408,157929
2026-01-02 10:06:43,387.08,417,161412
2026-01-02 10:06:44,387.08,406,157154
2026-01-02 10:06:45,387.08,420,162574
2026-01-02 10:06:46,387.08,394,152510
2026-01-02 10:06:47,387.08,387,149800
2026-01-02 10:06:48,387.08,410,158703
2026-01-02 10:06:49,387.08,412,159477
2026-01-02 10:06:50,387.08,431,166831
2026-01-02 10:06:51,387.08,396,153284
2026-01-02 10:06:52,387.08,413,159864
2026-01-02 10:06:53,387.08,435,168380
2026-01-02 10:06:54,387.08,427,165283
2026-01-02 10:06:55,387.08,408,157929
2026-01-02 10:06:56,387.08,410,158703
2026-01-02 10:06:57,387.08,429,166057
2026-01-02 10:06:58,387.08,387,149800
2026-01-02 10:06:59,387.08,375,145155
2026-01-02 10:07:00,387.08,416,161025
2026-01-02 10:07:01,387.08,432,167219
2026-01-02 10:07:02,387.08,383,148252
2026-01-02 10:07:03,387.08,422,163348
2026-01-02 10:07:04,387.08,417,161412
2026-01-02 10:07:05,387.08,413,159864
2026-01-02 10:07:06,387.08,436,168767
2026-01-02 10:07:07,387.08,423,163735
2026-01-02 10:07:08,387.08,444,171864
2026-01-02 10:07:09,387.08,387,149800
2026-01-02 10:07:10,387.08,416,161025
2026-01-02 10:07:11,387.08,405,156767
2026-01-02 10:07:12,387.08,426,164896
2026-01-02 10:07:13,387.08,387,149800
2026-01-02 10:07:14,387.08,382,147865
2026-01-02 10:07:15,387.08,410,158703
2026-01-02 10:07:16,387.08,425,164509
2026-01-02 10:07:17,387.08,403,155993
2026-01-02 10:07:18,387.08,421,162961
2026-01-02 10:07:19,387.08,387,149800
2026-01-02 10:07:20,387.08,376,145542
2026-01-02 10:07:21,387.08,421,162961
2026-01-02 10:07:22,387.08,405,156767
2026-01-02 10:07:23,387.08,396,153284
2026-01-02 10:07:24,387.08,389,150574
2026-01-02 10:07:25,387.08,408,157929
2026-01-02 10:07:26,387.08,382,147865
2026-01-02 10:07:27,387.08,377,145929
2026-01-02 10:07:28,387.08,412,159477
2026-01-02 10:07:29,387.08,416,161025
2026-01-02 10:07:30,387.08,382,147865
2026-01-02 10:07:31,387.08,410,158703
2026-01-02 10:07:32,387.08,417,161412
2026-01-02 10:07:33,387.08,389,150574
2026-01-02 10:07:34,387.08,407,157542
2026-01-02 10:07:35,387.08,384,148639
2026-01-02 10:07:36,387.08,431,166831
2026-01-02 10:07:37,387.08,395,152897
2026-01-02 10:07:38,387.08,415,160638
2026-01-02 10:07:39,387.08,396,153284
2026-01-02 10:07:40,387.08,418,161799
2026-01-02 10:07:41,387.08,414,160251
2026-01-02 10:07:42,387.08,407,157542
2026-01-02 10:07:43,387.08,428,165670
2026-01-02 10:07:44,387.08,406,157154
2026-01-02 10:07:45,387.08,395,152897
2026-01-02 10:07:46,387.08,395,152897
2026-01-02 10:07:47,387.08,390,150961
2026-01-02 10:07:48,387.08,419,162187
2026-01-02 10:07:49,387.08,406,157154
2026-01-02 10:07:50,387.08,408,157929
2026-01-02 10:07:51,387.08,457,176896
2026-01-02 10:07:52,387.08,394,152510
2026-01-02 10:07:53,387.08,403,155993
2026-01-02 10:07:54,387.08,429,166057
2026-01-02 10:07:55,387.08,384,148639
2026-01-02 10:07:56,387.08,416,161025
2026-01-02 10:07:57,387.08,392,151735
2026-01-02 10:07:58,387.08,428,165670
2026-01-02 10:07:59,387.08,395,152897
2026-01-02 10:08:00,387.08,422,163348
2026-01-02 10:08:01,387.08,402,155606
2026-01-02 10:08:02,387.08,437,169154
2026-01-02 10:08:03,387.08,397,153671
2026-01-02 10:08:04,387.08,382,147865
2026-01-02 10:08:05,387.08,432,167219
2026-01-02 10:08:06,387.08,372,143994
2026-01-02 10:08:07,387.08,407,157542
2026-01-02 10:08:08,387.08,437,169154
2026-01-02 10:08:09,387.08,365,141284
2026-01-02 10:08:10,387.08,404,156380
2026-01-02 10:08:11,387.08,465,179992
2026-01-02 10:08:12,387.08,414,160251
2026-01-02 10:08:13,387.08,396,153284
2026-01-02 10:08:14,387.08,412,159477
2026-01-02 10:08:15,387.08,409,158316
2026-01-02 10:08:16,387.08,408,157929
2026-01-02 10:08:17,387.08,411,159090
2026-01-02 10:08:18,387.08,395,152897
2026-01-02 10:08:19,387.08,381,147477
2026-01-02 10:08:20,387.08,415,160638
2026-01-02 10:08:21,387.08,397,153671
2026-01-02 10:08:22,387.08,405,156767
2026-01-02 10:08:23,387.08,406,157154
2026-01-02 10:08:24,387.08,436,168767
2026-01-02 10:08:25,387.08,402,155606
2026-01-02 10:08:26,387.08,413,159864
2026-01-02 10:08:27,387.08,392,151735
2026-01-02 10:08:28,387.08,384,148639
2026-01-02 10:08:29,387.08,421,162961
2026-01-02 10:08:30,387.08,427,165283
2026-01-02 10:08:31,387.08,420,162574
2026-01-02 10:08:32,387.08,399,154445
2026-01-02 10:08:33,387.08,390,150961
2026-01-02 10:08:34,387.08,392,151735
2026-01-02 10:08:35,387.08,442,171089
2026-01-02 10:08:36,387.08,407,157542
2026-01-02 10:08:37,387.08,401,155219
2026-01-02 10:08:38,387.08,416,161025
2026-01-02 10:08:39,387.08,404,156380
2026-01-02 10:08:40,387.08,437,169154
2026-01-02 10:08:41,387.08,367,142058
2026-01-02 10:08:42,387.08,362,140123
2026-01-02 10:08:43,387.08,390,150961
2026-01-02 10:08:44,387.08,372,143994
2026-01-02 10:08:45,387.08,388,150187
2026-01-02 10:08:46,387.08,447,173025
2026-01-02 10:08:47,387.08,406,157154
2026-01-02 10:08:48,387.08,395,152897
2026-01-02 10:08:49,387.08,382,147865
2026-01-02 10:08:50,387.08,405,156767
2026-01-02 10:08:51,387.08,422,163348
2026-01-02 10:08:52,387.08,407,157542
2026-01-02 10:08:53,387.08,393,152122
2026-01-02 10:08:54,387.08,371,143607
2026-01-02 10:08:55,387.08,386,149413
2026-01-02 10:08:56,387.08,392,151735
2026-01-02 10:08:57,387.08,406,157154
2026-01-02 10:08:58,387.08,409,158316
2026-01-02 10:08:59,387.08,449,173799
2026-01-02 10:09:00,387.08,388,150187
2026-01-02 10:09:01,387.08,399,154445
2026-01-02 10:09:02,387.08,430,166444
2026-01-02 10:09:03,387.08,418,161799
2026-01-02 10:09:04,387.08,435,168380
2026-01-02 10:09:05,387.08,375,145155
2026-01-02 10:09:06,387.08,429,166057
2026-01-02 10:09:07,387.08,420,162574
2026-01-02 10:09:08,387.08,412,159477
2026-01-02 10:09:09,387.08,376,145542
2026-01-02 10:09:10,387.08,364,140897
2026-01-02 10:09:11,387.08,398,154058
2026-01-02 10:09:12,387.08,402,155606
2026-01-02 10:09:13,387.08,387,149800
2026-01-02 10:09:14,387.08,415,160638
2026-01-02 10:09:15,387.08,392,151735
2026-01-02 10:09:16,387.08,415,160638
2026-01-02 10:09:17,387.08,443,171476
2026-01-02 10:09:18,387.08,437,169154
2026-01-02 10:09:19,387.08,396,153284
2026-01-02 10:09:20,387.08,391,151348
2026-01-02 10:09:21,387.08,395,152897
2026-01-02 10:09:22,387.08,358,138575
2026-01-02 10:09:23,387.08,396,153284
2026-01-02 10:09:24,387.08,386,149413
2026-01-02 10:09:25,387.08,385,149026
2026-01-02 10:09:26,387.08,403,155993
2026-01-02 10:09:27,387.08,384,148639
2026-01-02 10:09:28,387.08,403,155993
2026-01-02 10:09:29,387.08,423,163735
2026-01-02 10:09:30,387.08,430,166444
2026-01-02 10:09:31,387.08,373,144381
2026-01-02 10:09:32,387.08,367,142058
2026-01-02 10:09:33,387.08,388,150187
2026-01-02 10:09:34,387.08,399,154445
2026-01-02 10:09:35,387.08,387,149800
2026-01-02 10:09:36,387.08,406,157154
2026-01-02 10:09:37,387.08,399,154445
2026-01-02 10:09:38,387.08,362,140123
2026-01-02 10:09:39,387.08,388,150187
2026-01-02 10:09:40,387.08,409,158316
2026-01-02 10:09:41,387.08,382,147865
2026-01-02 10:09:42,387.08,380,147090
2026-01-02 10:09:43,387.08,411,159090
2026-01-02 10:09:44,387.08,408,157929
2026-01-02 10:09:45,387.08,408,157929
2026-01-02 10:09:46,387.08,399,154445
2026-01-02 10:09:47,387.08,413,159864
2026-01-02 10:09:48,387.08,428,165670
2026-01-02 10:09:49,387.08,391,151348
2026-01-02 10:09:50,387.08,383,148252
2026-01-02 10:09:51,387.08,391,151348
2026-01-02 10:09:52,387.08,378,146316
2026-01-02 10:09:53,387.08,390,150961
2026-01-02 10:09:54,387.08,414,160251
2026-01-02 10:09:55,387.08,411,159090
2026-01-02 10:09:56,387.08,395,152897
2026-01-02 10:09:57,387.08,377,145929
2026-01-02 10:09:58,387.08,417,161412
2026-01-02 10:09:59,387.08,379,146703
2026-01-02 10:10:00,387.08,381,147477
2026-01-02 10:10:01,387.08,369,142833
2026-01-02 10:10:02,387.08,367,142058
2026-01-02 10:10:03,387.08,412,159477
2026-01-02 10:10:04,387.08,402,155606
2026-01-02 10:10:05,387.08,377,145929
2026-01-02 10:10:06,387.08,393,152122
2026-01-02 10:10:07,387.08,433,167606
2026-01-02 10:10:08,387.08,387,149800
2026-01-02 10:10:09,387.08,371,143607
2026-01-02 10:10:10,387.08,368,142445
2026-01-02 10:10:11,387.08,396,153284
2026-01-02 10:10:12,387.08,407,157542
2026-01-02 10:10:13,387.08,396,153284
2026-01-02 10:10:14,387.08,414,160251
2026-01-02 10:10:15,387.08,415,160638
2026-01-02 10:10:16,387.08,382,147865
2026-01-02 10:10:17,387.08,408,157929
2026-01-02 10:10:18,387.08,380,147090
2026-01-02 10:10:19,387.08,375,145155
2026-01-02 10:10:20,387.08,408,157929
2026-01-02 10:10:21,387.08,411,159090
2026-01-02 10:10:22,387.08,394,152510
2026-01-02 10:10:23,387.08,412,159477
2026-01-02 10:10:24,387.08,396,153284
2026-01-02 10:10:25,387.08,362,140123
2026-01-02 10:10:26,387.08,414,160251
2026-01-02 10:10:27,387.08,403,155993
2026-01-02 10:10:28,387.08,362,140123
2026-01-02 10:10:29,387.08,397,153671
2026-01-02 10:10:30,387.08,416,161025
2026-01-02 10:10:31,387.08,371,143607
2026-01-02 10:10:32,387.08,382,147865
2026-01-02 10:10:33,387.08,408,157929
2026-01-02 10:10:34,387.08,396,153284
2026-01-02 10:10:35,387.08,386,149413
2026-01-02 10:10:36,387.08,355,137413
2026-01-02 10:10:37,387.08,394,152510
2026-01-02 10:10:38,387.08,408,157929
2026-01-02 10:10:39,387.08,366,141671
2026-01-02 10:10:40,387.08,423,163735
2026-01-02 10:10:41,387.08,368,142445
2026-01-02 10:10:42,387.08,430,166444
2026-01-02 10:10:43,387.08,386,149413
2026-01-02 10:10:44,387.08,392,151735
2026-01-02 10:10:45,387.08,431,166831
2026-01-02 10:10:46,387.08,402,155606
2026-01-02 10:10:47,387.08,370,143220
2026-01-02 10:10:48,387.08,383,148252
2026-01-02 10:10:49,387.08,442,171089
2026-01-02 10:10:50,387.08,409,158316
2026-01-02 10:10:51,387.08,387,149800
2026-01-02 10:10:52,387.08,397,153671
2026-01-02 10:10:53,387.08,354,137026
2026-01-02 10:10:54,387.08,399,154445
2026-01-02 10:10:55,387.08,405,156767
2026-01-02 10:10:56,387.08,387,149800
2026-01-02 10:10:57,387.08,381,147477
2026-01-02 10:10:58,387.08,374,144768
2026-01-02 10:10:59,387.08,418,161799
2026-01-02 10:11:00,387.08,383,148252
2026-01-02 10:11:01,387.08,408,157929
2026-01-02 10:11:02,387.08,402,155606
2026-01-02 10:11:03,387.08,385,149026
2026-01-02 10:11:04,387.08,441,170702
2026-01-02 10:11:05,387.08,396,153284
2026-01-02 10:11:06,387.08,403,155993
2026-01-02 10:11:07,387.08,402,155606
2026-01-02 10:11:08,387.08,427,165283
2026-01-02 10:11:09,387.08,388,150187
2026-01-02 10:11:10,387.08,453,175347
2026-01-02 10:11:11,387.08,424,164122
2026-01-02 10:11:12,387.08,371,143607
2026-01-02 10:11:13,387.08,407,157542
2026-01-02 10:11:14,387.08,419,162187
2026-01-02 10:11:15,387.08,393,152122
2026-01-02 10:11:16,387.08,401,155219
2026-01-02 10:11:17,387.08,379,146703
2026-01-02 10:11:18,387.08,432,167219
2026-01-02 10:11:19,387.08,365,141284
2026-01-02 10:11:20,387.08,366,141671
2026-01-02 10:11:21,387.08,359,138962
2026-01-02 10:11:22,387.08,395,152897
2026-01-02 10:11:23,387.08,371,143607
2026-01-02 10:11:24,387.08,383,148252
2026-01-02 10:11:25,387.08,384,148639
2026-01-02 10:11:26,387.08,413,159864
2026-01-02 10:11:27,387.08,383,148252
2026-01-02 10:11:28,387.08,394,152510
2026-01-02 10:11:29,387.08,388,150187
2026-01-02 10:11:30,387.08,395,152897
2026-01-02 10:11:31,387.08,384,148639
2026-01-02 10:11:32,387.08,453,175347
2026-01-02 10:11:33,387.08,377,145929
2026-01-02 10:11:34,387.08,357,138188
2026-01-02 10:11:35,387.08,368,142445
2026-01-02 10:11:36,387.08,420,162574
2026-01-02 10:11:37,387.08,351,135865
2026-01-02 10:11:38,387.08,404,156380
2026-01-02 10:11:39,387.08,400,154832
2026-01-02 10:11:40,387.08,397,153671
2026-01-02 10:11:41,387.08,405,156767
2026-01-02 10:11:42,387.08,381,147477
2026-01-02 10:11:43,387.08,388,150187
2026-01-02 10:11:44,387.08,418,161799
2026-01-02 10:11:45,387.08,372,143994
2026-01-02 10:11:46,387.08,393,152122
2026-01-02 10:11:47,387.08,406,157154
2026-01-02 10:11:48,387.08,377,145929
2026-01-02 10:11:49,387.08,358,138575
2026-01-02 10:11:50,387.08,415,160638
2026-01-02 10:11:51,387.08,386,149413
2026-01-02 10:11:52,387.08,386,149413
2026-01-02 10:11:53,387.08,392,151735
2026-01-02 10:11:54,387.08,367,142058
2026-01-02 10:11:55,387.08,384,148639
2026-01-02 10:11:56,387.08,428,165670
2026-01-02 10:11:57,387.08,372,143994
2026-01-02 10:11:58,387.08,413,159864
2026-01-02 10:11:59,387.08,386,149413
2026-01-02 10:12:00,387.08,386,149413
2026-01-02 10:12:01,387.08,387,149800
2026-01-02 10:12:02,387.08,330,127736
2026-01-02 10:12:03,387.08,431,166831
2026-01-02 10:12:04,387.08,376,145542
2026-01-02 10:12:05,387.08,342,132381
2026-01-02 10:12:06,387.08,368,142445
2026-01-02 10:12:07,387.08,360,139349
2026-01-02 10:12:08,387.08,369,142833
2026-01-02 10:12:09,387.08,382,147865
2026-01-02 10:12:10,387.08,401,155219
2026-01-02 10:12:11,387.08,375,145155
2026-01-02 10:12:12,387.08,407,157542
2026-01-02 10:12:13,387.08,365,141284
2026-01-02 10:12:14,387.08,390,150961
2026-01-02 10:12:15,387.08,405,156767
2026-01-02 10:12:16,387.08,405,156767
2026-01-02 10:12:17,387.08,382,147865
2026-01-02 10:12:18,387.08,369,142833
2026-01-02 10:12:19,387.08,378,146316
2026-01-02 10:12:20,387.08,384,148639
2026-01-02 10:12:21,387.08,389,150574
2026-01-02 10:12:22,387.08,417,161412
2026-01-02 10:12:23,387.08,372,143994
2026-01-02 10:12:24,387.08,381,147477
2026-01-02 10:12:25,387.08,377,145929
2026-01-02 10:12:26,387.08,439,169928
2026-01-02 10:12:27,387.08,402,155606
2026-01-02 10:12:28,387.08,389,150574
2026-01-02 10:12:29,387.08,411,159090
2026-01-02 10:12:30,387.08,376,145542
2026-01-02 10:12:31,387.08,367,142058
2026-01-02 10:12:32,387.08,390,150961
2026-01-02 10:12:33,387.08,375,145155
2026-01-02 10:12:34,387.08,408,157929
2026-01-02 10:12:35,387.08,391,151348
2026-01-02 10:12:36,387.08,396,153284
2026-01-02 10:12:37,387.08,413,159864
2026-01-02 10:12:38,387.08,402,155606
2026-01-02 10:12:39,387.08,361,139736
2026-01-02 10:12:40,387.08,384,148639
2026-01-02 10:12:41,387.08,429,166057
2026-01-02 10:12:42,387.08,383,148252
2026-01-02 10:12:43,387.08,382,147865
2026-01-02 10:12:44,387.08,400,154832
2026-01-02 10:12:45,387.08,353,136639
2026-01-02 10:12:46,387.08,404,156380
2026-01-02 10:12:47,387.08,402,155606
2026-01-02 10:12:48,387.08,407,157542
2026-01-02 10:12:49,387.08,379,146703
2026-01-02 10:12:50,387.08,395,152897
2026-01-02 10:12:51,387.08,404,156380
2026-01-02 10:12:52,387.08,375,145155
2026-01-02 10:12:53,387.08,372,143994
2026-01-02 10:12:54,387.08,373,144381
2026-01-02 10:12:55,387.08,397,153671
2026-01-02 10:12:56,387.08,384,148639
2026-01-02 10:12:57,387.08,390,150961
2026-01-02 10:12:58,387.08,386,149413
2026-01-02 10:12:59,387.08,349,135091
2026-01-02 10:13:00,387.08,396,153284
2026-01-02 10:13:01,387.08,403,155993
2026-01-02 10:13:02,387.08,403,155993
2026-01-02 10:13:03,387.08,368,142445
2026-01-02 10:13:04,387.08,379,146703
2026-01-02 10:13:05,387.08,399,154445
2026-01-02 10:13:06,387.08,379,146703
2026-01-02 10:13:07,387.08,401,155219
2026-01-02 10:13:08,387.08,366,141671
2026-01-02 10:13:09,387.08,392,151735
2026-01-02 10:13:10,387.08,366,141671
2026-01-02 10:13:11,387.08,388,150187
2026-01-02 10:13:12,387.08,408,157929
2026-01-02 10:13:13,387.08,369,142833
2026-01-02 10:13:14,387.08,387,149800
2026-01-02 10:13:15,387.08,397,153671
2026-01-02 10:13:16,387.08,397,153671
2026-01-02 10:13:17,387.08,420,162574
2026-01-02 10:13:18,387.08,381,147477
2026-01-02 10:13:19,387.08,411,159090
2026-01-02 10:13:20,387.08,408,157929
2026-01-02 10:13:21,387.08,371,143607
2026-01-02 10:13:22,387.08,381,147477
2026-01-02 10:13:23,387.08,376,145542
2026-01-02 10:13:24,387.08,411,159090
2026-01-02 10:13:25,387.08,382,147865
2026-01-02 10:13:26,387.08,384,148639
2026-01-02 10:13:27,387.08,371,143607
2026-01-02 10:13:28,387.08,377,145929
2026-01-02 10:13:29,387.08,446,172638
2026-01-02 10:13:30,387.08,355,137413
2026-01-02 10:13:31,387.08,387,149800
2026-01-02 10:13:32,387.08,397,153671
2026-01-02 10:13:33,387.08,403,155993
2026-01-02 10:13:34,387.08,394,152510
2026-01-02 10:13:35,387.08,382,147865
2026-01-02 10:13:36,387.08,364,140897
2026-01-02 10:13:37,387.08,401,155219
2026-01-02 10:13:38,387.08,367,142058
2026-01-02 10:13:39,387.08,387,149800
2026-01-02 10:13:40,387.08,352,136252
2026-01-02 10:13:41,387.08,395,152897
2026-01-02 10:13:42,387.08,422,163348
2026-01-02 10:13:43,387.08,396,153284
2026-01-02 10:13:44,387.08,391,151348
2026-01-02 10:13:45,387.08,338,130833
2026-01-02 10:13:46,387.08,400,154832
2026-01-02 10:13:47,387.08,407,157542
2026-01-02 10:13:48,387.08,368,142445
2026-01-02 10:13:49,387.08,401,155219
