timestamp,price,volume,amount
2026-01-02 09:30:00,31.58,540,17053
2026-01-02 09:30:01,31.29,518,16208
2026-01-02 09:30:02,30.83,535,16494
2026-01-02 09:30:03,30.83,518,15970
2026-01-02 09:30:04,30.83,513,15816
2026-01-02 09:30:05,30.83,538,16587
2026-01-02 09:30:06,30.83,519,16001
2026-01-02 09:30:07,30.83,518,15970
2026-01-02 09:30:08,30.83,513,15816
2026-01-02 09:30:09,30.83,534,16463
2026-01-02 09:30:10,30.83,537,16556
2026-01-02 09:30:11,30.83,529,16309
2026-01-02 09:30:12,30.83,560,17265
2026-01-02 09:30:13,30.83,487,15014
2026-01-02 09:30:14,30.83,542,16710
2026-01-02 09:30:15,30.83,534,16463
2026-01-02 09:30:16,30.83,519,16001
2026-01-02 09:30:17,30.83,505,15569
2026-01-02 09:30:18,30.83,568,17511
2026-01-02 09:30:19,30.83,581,17912
2026-01-02 09:30:20,30.83,528,16278
2026-01-02 09:30:21,30.83,532,16402
2026-01-02 09:30:22,30.83,545,16802
2026-01-02 09:30:23,30.83,519,16001
2026-01-02 09:30:24,30.83,526,16217
2026-01-02 09:30:25,30.83,556,17141
2026-01-02 09:30:26,30.83,545,16802
2026-01-02 09:30:27,30.83,498,15353
2026-01-02 09:30:28,30.83,505,15569
2026-01-02 09:30:29,30.83,561,17296
2026-01-02 09:30:30,30.83,506,15600
2026-01-02 09:30:31,30.83,541,16679
2026-01-02 09:30:32,30.83,517,15939
2026-01-02 09:30:33,30.83,506,15600
2026-01-02 09:30:34,30.83,519,16001
2026-01-02 09:30:35,30.83,513,15816
2026-01-02 09:30:36,30.83,553,17049
2026-01-02 09:30:37,30.83,495,15261
2026-01-02 09:30:38,30.83,537,16556
2026-01-02 09:30:39,30.83,555,17111
2026-01-02 09:30:40,30.83,528,16278
2026-01-02 09:30:41,30.83,547,16864
2026-01-02 09:30:42,30.83,540,16648
2026-01-02 09:30:43,30.83,538,16587
2026-01-02 09:30:44,30.83,534,16463
2026-01-02 09:30:45,30.83,550,16956
2026-01-02 09:30:46,30.83,505,15569
2026-01-02 09:30:47,30.83,515,15877
2026-01-02 09:30:48,30.83,509,15692
2026-01-02 09:30:49,30.83,521,16062
2026-01-02 09:30:50,30.99,561,17385
2026-01-02 09:30:51,31.52,502,15823
2026-01-02 09:30:52,30.83,491,15138
2026-01-02 09:30:53,30.83,509,15692
2026-01-02 09:30:54,31.09,532,16540
2026-01-02 09:30:55,31.31,479,14997
2026-01-02 09:30:56,30.98,494,15304
2026-01-02 09:30:57,30.94,515,15934
2026-01-02 09:30:58,30.83,527,16247
2026-01-02 09:30:59,30.83,525,16186
2026-01-02 09:31:00,30.83,508,15662
2026-01-02 09:31:01,30.83,527,16247
2026-01-02 09:31:02,30.83,526,16217
2026-01-02 09:31:03,30.83,495,15261
2026-01-02 09:31:04,30.83,521,16062
2026-01-02 09:31:05,31.14,504,15695
2026-01-02 09:31:06,30.83,509,15692
2026-01-02 09:31:07,31.75,565,17939
2026-01-02 09:31:08,31.79,493,15672
2026-01-02 09:31:09,31.96,547,17482
2026-01-02 09:31:10,32.81,567,18603
2026-01-02 09:31:11,32.65,544,17762
2026-01-02 09:31:12,32.39,524,16972
2026-01-02 09:31:13,32.57,487,15862
2026-01-02 09:31:14,32.27,513,16555
2026-01-02 09:31:15,32.40,540,17496
2026-01-02 09:31:16,32.99,481,15868
2026-01-02 09:31:17,32.99,540,17815
2026-01-02 09:31:18,32.99,525,17320
2026-01-02 09:31:19,32.99,500,16495
2026-01-02 09:31:20,32.99,493,16264
2026-01-02 09:31:21,32.99,542,17881
2026-01-02 09:31:22,32.99,532,17551
2026-01-02 09:31:23,32.99,493,16264
2026-01-02 09:31:24,32.99,548,18079
2026-01-02 09:31:25,32.99,528,17419
2026-01-02 09:31:26,32.99,526,17353
2026-01-02 09:31:27,32.99,505,16660
2026-01-02 09:31:28,32.99,521,17188
2026-01-02 09:31:29,32.99,530,17485
2026-01-02 09:31:30,32.99,559,18441
2026-01-02 09:31:31,32.99,513,16924
2026-01-02 09:31:32,32.99,540,17815
2026-01-02 09:31:33,32.99,535,17650
2026-01-02 09:31:34,32.99,507,16726
2026-01-02 09:31:35,32.99,515,16990
2026-01-02 09:31:36,32.99,534,17617
2026-01-02 09:31:37,32.99,512,16891
2026-01-02 09:31:38,32.99,533,17584
2026-01-02 09:31:39,32.99,431,14219
2026-01-02 09:31:40,32.99,519,17122
2026-01-02 09:31:41,32.99,491,16198
2026-01-02 09:31:42,32.99,543,17914
2026-01-02 09:31:43,32.99,495,16330
2026-01-02 09:31:44,32.99,473,15604
2026-01-02 09:31:45,32.99,533,17584
2026-01-02 09:31:46,32.99,534,17617
2026-01-02 09:31:47,32.99,525,17320
2026-01-02 09:31:48,32.99,522,17221
2026-01-02 09:31:49,32.99,527,17386
2026-01-02 09:31:50,32.99,538,17749
2026-01-02 09:31:51,32.99,535,17650
2026-01-02 09:31:52,32.99,509,16792
2026-01-02 09:31:53,32.99,508,16759
2026-01-02 09:31:54,32.99,493,16264
2026-01-02 09:31:55,32.99,498,16429
2026-01-02 09:31:56,32.99,511,16858
2026-01-02 09:31:57,32.99,530,17485
2026-01-02 09:31:58,32.99,517,17056
2026-01-02 09:31:59,32.99,522,17221
2026-01-02 09:32:00,32.99,560,18474
2026-01-02 09:32:01,32.99,549,18112
2026-01-02 09:32:02,32.99,490,16165
2026-01-02 09:32:03,32.99,527,17386
2026-01-02 09:32:04,32.99,541,17848
2026-01-02 09:32:05,32.99,541,17848
2026-01-02 09:32:06,32.99,485,16000
2026-01-02 09:32:07,32.99,506,16693
2026-01-02 09:32:08,32.99,530,17485
2026-01-02 09:32:09,32.99,536,17683
2026-01-02 09:32:10,32.99,508,16759
2026-01-02 09:32:11,32.99,591,19497
2026-01-02 09:32:12,32.99,512,16891
2026-01-02 09:32:13,32.99,545,17980
2026-01-02 09:32:14,32.99,543,17914
2026-01-02 09:32:15,32.99,500,16495
2026-01-02 09:32:16,32.99,509,16792
2026-01-02 09:32:17,32.99,501,16528
2026-01-02 09:32:18,32.99,516,17023
2026-01-02 09:32:19,32.99,557,18375
2026-01-02 09:32:20,32.99,505,16660
2026-01-02 09:32:21,32.99,500,16495
2026-01-02 09:32:22,32.99,526,17353
2026-01-02 09:32:23,32.99,549,18112
2026-01-02 09:32:24,32.99,549,18112
2026-01-02 09:32:25,32.99,531,17518
2026-01-02 09:32:26,32.99,535,17650
2026-01-02 09:32:27,32.99,489,16132
2026-01-02 09:32:28,32.99,542,17881
2026-01-02 09:32:29,32.99,495,16330
2026-01-02 09:32:30,32.99,525,17320
2026-01-02 09:32:31,32.99,556,18342
2026-01-02 09:32:32,32.99,508,16759
2026-01-02 09:32:33,32.99,462,15241
2026-01-02 09:32:34,32.99,495,16330
2026-01-02 09:32:35,32.99,474,15637
2026-01-02 09:32:36,32.99,459,15142
2026-01-02 09:32:37,32.99,542,17881
2026-01-02 09:32:38,32.99,521,17188
2026-01-02 09:32:39,32.99,499,16462
2026-01-02 09:32:40,32.99,556,18342
2026-01-02 09:32:41,32.99,465,15340
2026-01-02 09:32:42,32.99,468,15439
2026-01-02 09:32:43,32.99,501,16528
2026-01-02 09:32:44,32.99,479,15802
2026-01-02 09:32:45,32.99,519,17122
2026-01-02 09:32:46,32.99,522,17221
2026-01-02 09:32:47,32.99,517,17056
2026-01-02 09:32:48,32.99,539,17782
2026-01-02 09:32:49,32.99,524,17287
2026-01-02 09:32:50,32.99,503,16594
2026-01-02 09:32:51,32.99,494,16297
2026-01-02 09:32:52,32.99,488,16099
2026-01-02 09:32:53,32.99,484,15967
2026-01-02 09:32:54,32.99,491,16198
2026-01-02 09:32:55,32.99,486,16033
2026-01-02 09:32:56,32.99,512,16891
2026-01-02 09:32:57,32.99,509,16792
2026-01-02 09:32:58,32.99,563,18573
2026-01-02 09:32:59,32.99,547,18046
2026-01-02 09:33:00,32.99,501,16528
2026-01-02 09:33:01,32.99,520,17155
2026-01-02 09:33:02,32.99,533,17584
2026-01-02 09:33:03,32.99,470,15505
2026-01-02 09:33:04,32.99,523,17254
2026-01-02 09:33:05,32.99,514,16957
2026-01-02 09:33:06,32.99,506,16693
2026-01-02 09:33:07,32.99,553,18243
2026-01-02 09:33:08,32.99,527,17386
2026-01-02 09:33:09,32.99,508,16759
2026-01-02 09:33:10,32.99,490,16165
2026-01-02 09:33:11,32.99,537,17716
2026-01-02 09:33:12,32.99,494,16297
2026-01-02 09:33:13,32.99,526,17353
2026-01-02 09:33:14,32.99,532,17551
2026-01-02 09:33:15,32.99,467,15406
2026-01-02 09:33:16,32.99,512,16891
2026-01-02 09:33:17,32.99,523,17254
2026-01-02 09:33:18,32.99,529,17452
2026-01-02 09:33:19,32.99,478,15769
2026-01-02 09:33:20,32.99,537,17716
2026-01-02 09:33:21,32.99,498,16429
2026-01-02 09:33:22,32.99,493,16264
2026-01-02 09:33:23,32.99,507,16726
2026-01-02 09:33:24,32.99,493,16264
2026-01-02 09:33:25,32.99,504,16627
2026-01-02 09:33:26,32.99,504,16627
2026-01-02 09:33:27,32.99,507,16726
2026-01-02 09:33:28,32.99,482,15901
2026-01-02 09:33:29,32.99,493,16264
2026-01-02 09:33:30,32.99,502,16561
2026-01-02 09:33:31,32.99,515,16990
2026-01-02 09:33:32,32.99,508,16759
2026-01-02 09:33:33,32.99,527,17386
2026-01-02 09:33:34,32.99,490,16165
2026-01-02 09:33:35,32.99,512,16891
2026-01-02 09:33:36,32.99,502,16561
2026-01-02 09:33:37,32.99,504,16627
2026-01-02 09:33:38,32.99,516,17023
2026-01-02 09:33:39,32.99,520,17155
2026-01-02 09:33:40,32.99,512,16891
2026-01-02 09:33:41,32.99,526,17353
2026-01-02 09:33:42,32.99,477,15736
2026-01-02 09:33:43,32.99,524,17287
2026-01-02 09:33:44,32.99,509,16792
2026-01-02 09:33:45,32.99,483,15934
2026-01-02 09:33:46,32.99,520,17155
2026-01-02 09:33:47,32.99,517,17056
2026-01-02 09:33:48,32.99,480,15835
2026-01-02 09:33:49,32.99,534,17617
2026-01-02 09:33:50,32.99,494,16297
2026-01-02 09:33:51,32.99,515,16990
2026-01-02 09:33:52,32.99,472,15571
2026-01-02 09:33:53,32.99,521,17188
2026-01-02 09:33:54,32.99,494,16297
2026-01-02 09:33:55,32.99,504,16627
2026-01-02 09:33:56,32.99,516,17023
2026-01-02 09:33:57,32.99,508,16759
2026-01-02 09:33:58,32.99,485,16000
2026-01-02 09:33:59,32.99,509,16792
2026-01-02 09:34:00,32.99,513,16924
2026-01-02 09:34:01,32.99,501,16528
2026-01-02 09:34:02,32.99,499,16462
2026-01-02 09:34:03,32.99,477,15736
2026-01-02 09:34:04,32.99,480,15835
2026-01-02 09:34:05,32.99,511,16858
2026-01-02 09:34:06,32.99,514,16957
2026-01-02 09:34:07,32.99,509,16792
2026-01-02 09:34:08,32.99,487,16066
2026-01-02 09:34:09,32.99,510,16825
2026-01-02 09:34:10,32.99,529,17452
2026-01-02 09:34:11,32.99,542,17881
2026-01-02 09:34:12,32.99,492,16231
2026-01-02 09:34:13,32.99,484,15967
2026-01-02 09:34:14,32.99,531,17518
2026-01-02 09:34:15,32.99,511,16858
2026-01-02 09:34:16,32.99,481,15868
2026-01-02 09:34:17,32.99,502,16561
2026-01-02 09:34:18,32.99,501,16528
2026-01-02 09:34:19,32.99,475,15670
2026-01-02 09:34:20,32.99,527,17386
2026-01-02 09:34:21,32.99,548,18079
2026-01-02 09:34:22,32.99,517,17056
2026-01-02 09:34:23,32.99,503,16594
2026-01-02 09:34:24,32.99,503,16594
2026-01-02 09:34:25,32.99,515,16990
2026-01-02 09:34:26,32.99,452,14911
2026-01-02 09:34:27,32.99,509,16792
2026-01-02 09:34:28,32.99,486,16033
2026-01-02 09:34:29,32.99,457,15076
2026-01-02 09:34:30,32.99,484,15967
2026-01-02 09:34:31,32.99,528,17419
2026-01-02 09:34:32,32.99,499,16462
2026-01-02 09:34:33,32.99,531,17518
2026-01-02 09:34:34,32.99,505,16660
2026-01-02 09:34:35,32.99,525,17320
2026-01-02 09:34:36,32.99,500,16495
2026-01-02 09:34:37,32.99,493,16264
2026-01-02 09:34:38,32.99,492,16231
2026-01-02 09:34:39,32.99,462,15241
2026-01-02 09:34:40,32.99,516,17023
2026-01-02 09:34:41,32.99,536,17683
2026-01-02 09:34:42,32.99,494,16297
2026-01-02 09:34:43,32.99,495,16330
2026-01-02 09:34:44,32.99,507,16726
2026-01-02 09:34:45,32.99,489,16132
2026-01-02 09:34:46,32.99,487,16066
2026-01-02 09:34:47,32.99,479,15802
2026-01-02 09:34:48,32.99,532,17551
2026-01-02 09:34:49,32.99,494,16297
2026-01-02 09:34:50,32.99,513,16924
2026-01-02 09:34:51,32.99,502,16561
2026-01-02 09:34:52,32.99,469,15472
2026-01-02 09:34:53,32.99,465,15340
2026-01-02 09:34:54,32.99,510,16825
2026-01-02 09:34:55,32.99,511,16858
2026-01-02 09:34:56,32.99,537,17716
2026-01-02 09:34:57,32.99,509,16792
2026-01-02 09:34:58,32.99,509,16792
2026-01-02 09:34:59,32.99,484,15967
2026-01-02 09:35:00,32.99,546,18013
2026-01-02 09:35:01,32.99,471,15538
2026-01-02 09:35:02,32.99,506,16693
2026-01-02 09:35:03,32.99,511,16858
2026-01-02 09:35:04,32.99,509,16792
2026-01-02 09:35:05,32.99,518,17089
2026-01-02 09:35:06,32.99,487,16066
2026-01-02 09:35:07,32.99,526,17353
2026-01-02 09:35:08,32.99,468,15439
2026-01-02 09:35:09,32.99,471,15538
2026-01-02 09:35:10,32.99,514,16957
2026-01-02 09:35:11,32.99,499,16462
2026-01-02 09:35:12,32.99,488,16099
2026-01-02 09:35:13,32.99,502,16561
2026-01-02 09:35:14,32.99,500,16495
2026-01-02 09:35:15,32.99,500,16495
2026-01-02 09:35:16,32.99,507,16726
2026-01-02 09:35:17,32.99,510,16825
2026-01-02 09:35:18,32.99,505,16660
2026-01-02 09:35:19,32.99,516,17023
2026-01-02 09:35:20,32.99,496,16363
2026-01-02 09:35:21,32.99,497,16396
2026-01-02 09:35:22,32.99,515,16990
2026-01-02 09:35:23,32.99,478,15769
2026-01-02 09:35:24,32.99,500,16495
2026-01-02 09:35:25,32.99,467,15406
2026-01-02 09:35:26,32.99,497,16396
2026-01-02 09:35:27,32.99,487,16066
2026-01-02 09:35:28,32.99,498,16429
2026-01-02 09:35:29,32.99,491,16198
2026-01-02 09:35:30,32.99,500,16495
2026-01-02 09:35:31,32.99,505,16660
2026-01-02 09:35:32,32.99,464,15307
2026-01-02 09:35:33,32.99,484,15967
2026-01-02 09:35:34,32.99,533,17584
2026-01-02 09:35:35,32.99,519,17122
2026-01-02 09:35:36,32.99,489,16132
2026-01-02 09:35:37,32.99,534,17617
2026-01-02 09:35:38,32.99,505,16660
2026-01-02 09:35:39,32.99,481,15868
2026-01-02 09:35:40,32.99,488,16099
2026-01-02 09:35:41,32.99,473,15604
2026-01-02 09:35:42,32.99,507,16726
2026-01-02 09:35:43,32.99,521,17188
2026-01-02 09:35:44,32.99,486,16033
2026-01-02 09:35:45,32.99,501,16528
2026-01-02 09:35:46,32.99,473,15604
2026-01-02 09:35:47,32.99,465,15340
2026-01-02 09:35:48,32.99,504,16627
2026-01-02 09:35:49,32.99,483,15934
2026-01-02 09:35:50,32.99,518,17089
2026-01-02 09:35:51,32.99,475,15670
2026-01-02 09:35:52,32.99,503,16594
2026-01-02 09:35:53,32.99,473,15604
2026-01-02 09:35:54,32.99,496,16363
2026-01-02 09:35:55,32.99,510,16825
2026-01-02 09:35:56,32.99,506,16693
2026-01-02 09:35:57,32.99,508,16759
2026-01-02 09:35:58,32.99,471,15538
2026-01-02 09:35:59,32.99,507,16726
2026-01-02 09:36:00,32.99,498,16429
2026-01-02 09:36:01,32.99,503,16594
2026-01-02 09:36:02,32.99,476,15703
2026-01-02 09:36:03,32.99,515,16990
2026-01-02 09:36:04,32.99,520,17155
2026-01-02 09:36:05,32.99,485,16000
2026-01-02 09:36:06,32.99,511,16858
2026-01-02 09:36:07,32.99,509,16792
2026-01-02 09:36:08,32.99,534,17617
2026-01-02 09:36:09,32.99,504,16627
2026-01-02 09:36:10,32.99,478,15769
2026-01-02 09:36:11,32.99,499,16462
2026-01-02 09:36:12,32.99,485,16000
2026-01-02 09:36:13,32.99,509,16792
2026-01-02 09:36:14,32.99,513,16924
2026-01-02 09:36:15,32.99,486,16033
2026-01-02 09:36:16,32.99,467,15406
2026-01-02 09:36:17,32.99,443,14615
2026-01-02 09:36:18,32.99,539,17782
2026-01-02 09:36:19,32.99,501,16528
2026-01-02 09:36:20,32.99,513,16924
2026-01-02 09:36:21,32.99,515,16990
2026-01-02 09:36:22,32.99,508,16759
2026-01-02 09:36:23,32.99,506,16693
2026-01-02 09:36:24,32.99,504,16627
2026-01-02 09:36:25,32.99,446,14714
2026-01-02 09:36:26,32.99,506,16693
2026-01-02 09:36:27,32.99,495,16330
2026-01-02 09:36:28,32.99,525,17320
2026-01-02 09:36:29,32.99,521,17188
2026-01-02 09:36:30,32.99,414,13658
2026-01-02 09:36:31,32.99,479,15802
2026-01-02 09:36:32,32.99,510,16825
2026-01-02 09:36:33,32.99,492,16231
2026-01-02 09:36:34,32.99,485,16000
2026-01-02 09:36:35,32.99,507,16726
2026-01-02 09:36:36,32.99,480,15835
2026-01-02 09:36:37,32.99,505,16660
2026-01-02 09:36:38,32.99,478,15769
2026-01-02 09:36:39,32.99,508,16759
2026-01-02 09:36:40,32.99,538,17749
2026-01-02 09:36:41,32.99,489,16132
2026-01-02 09:36:42,32.99,508,16759
2026-01-02 09:36:43,32.99,495,16330
2026-01-02 09:36:44,32.99,482,15901
2026-01-02 09:36:45,32.99,501,16528
2026-01-02 09:36:46,32.99,494,16297
2026-01-02 09:36:47,32.99,537,17716
2026-01-02 09:36:48,32.99,489,16132
2026-01-02 09:36:49,32.99,471,15538
2026-01-02 09:36:50,32.99,508,16759
2026-01-02 09:36:51,32.99,480,15835
2026-01-02 09:36:52,32.99,514,16957
2026-01-02 09:36:53,32.99,471,15538
2026-01-02 09:36:54,32.99,530,17485
2026-01-02 09:36:55,32.99,500,16495
2026-01-02 09:36:56,32.99,486,16033
2026-01-02 09:36:57,32.99,526,17353
2026-01-02 09:36:58,32.99,518,17089
2026-01-02 09:36:59,32.99,487,16066
2026-01-02 09:37:00,32.99,494,16297
2026-01-02 09:37:01,32.99,490,16165
2026-01-02 09:37:02,32.99,493,16264
2026-01-02 09:37:03,32.99,471,15538
2026-01-02 09:37:04,32.99,494,16297
2026-01-02 09:37:05,32.99,488,16099
2026-01-02 09:37:06,32.99,504,16627
2026-01-02 09:37:07,32.99,511,16858
2026-01-02 09:37:08,32.99,485,16000
2026-01-02 09:37:09,32.99,445,14681
2026-01-02 09:37:10,32.99,491,16198
2026-01-02 09:37:11,32.99,485,16000
2026-01-02 09:37:12,32.99,472,15571
2026-01-02 09:37:13,32.99,444,14648
2026-01-02 09:37:14,32.99,524,17287
2026-01-02 09:37:15,32.99,493,16264
2026-01-02 09:37:16,32.99,475,15670
2026-01-02 09:37:17,32.99,493,16264
2026-01-02 09:37:18,32.99,505,16660
2026-01-02 09:37:19,32.99,520,17155
2026-01-02 09:37:20,32.99,434,14318
2026-01-02 09:37:21,32.99,478,15769
2026-01-02 09:37:22,32.99,495,16330
2026-01-02 09:37:23,32.99,506,16693
2026-01-02 09:37:24,32.99,464,15307
2026-01-02 09:37:25,32.99,472,15571
2026-01-02 09:37:26,32.99,484,15967
2026-01-02 09:37:27,32.99,507,16726
2026-01-02 09:37:28,32.99,462,15241
2026-01-02 09:37:29,32.99,496,16363
2026-01-02 09:37:30,32.99,475,15670
2026-01-02 09:37:31,32.99,483,15934
2026-01-02 09:37:32,32.99,522,17221
2026-01-02 09:37:33,32.99,455,15010
2026-01-02 09:37:34,32.99,488,16099
2026-01-02 09:37:35,32.99,507,16726
2026-01-02 09:37:36,32.99,462,15241
2026-01-02 09:37:37,32.99,472,15571
2026-01-02 09:37:38,32.99,532,17551
2026-01-02 09:37:39,32.99,507,16726
2026-01-02 09:37:40,32.99,515,16990
2026-01-02 09:37:41,32.99,443,14615
2026-01-02 09:37:42,32.99,497,16396
2026-01-02 09:37:43,32.99,476,15703
2026-01-02 09:37:44,32.99,496,16363
2026-01-02 09:37:45,32.99,481,15868
2026-01-02 09:37:46,32.99,499,16462
2026-01-02 09:37:47,32.99,491,16198
2026-01-02 09:37:48,32.99,529,17452
2026-01-02 09:37:49,32.99,462,15241
2026-01-02 09:37:50,32.99,479,15802
2026-01-02 09:37:51,32.99,499,16462
2026-01-02 09:37:52,32.99,469,15472
2026-01-02 09:37:53,32.99,527,17386
2026-01-02 09:37:54,32.99,475,15670
2026-01-02 09:37:55,32.99,496,16363
2026-01-02 09:37:56,32.99,507,16726
2026-01-02 09:37:57,32.99,499,16462
2026-01-02 09:37:58,32.99,504,16627
2026-01-02 09:37:59,32.99,504,16627
2026-01-02 09:38:00,32.99,448,14780
2026-01-02 09:38:01,32.99,497,16396
2026-01-02 09:38:02,32.99,489,16132
2026-01-02 09:38:03,32.99,523,17254
2026-01-02 09:38:04,32.99,503,16594
2026-01-02 09:38:05,32.99,480,15835
2026-01-02 09:38:06,32.99,512,16891
2026-01-02 09:38:07,32.99,500,16495
2026-01-02 09:38:08,32.99,452,14911
2026-01-02 09:38:09,32.99,480,15835
2026-01-02 09:38:10,32.99,488,16099
2026-01-02 09:38:11,32.99,481,15868
2026-01-02 09:38:12,32.99,513,16924
2026-01-02 09:38:13,32.99,513,16924
2026-01-02 09:38:14,32.99,487,16066
2026-01-02 09:38:15,32.99,469,15472
2026-01-02 09:38:16,32.99,492,16231
2026-01-02 09:38:17,32.99,459,15142
2026-01-02 09:38:18,32.99,490,16165
2026-01-02 09:38:19,32.99,466,15373
2026-01-02 09:38:20,32.99,488,16099
2026-01-02 09:38:21,32.99,484,15967
2026-01-02 09:38:22,32.99,501,16528
2026-01-02 09:38:23,32.99,482,15901
2026-01-02 09:38:24,32.99,485,16000
2026-01-02 09:38:25,32.99,449,14813
2026-01-02 09:38:26,32.99,463,15274
2026-01-02 09:38:27,32.99,480,15835
2026-01-02 09:38:28,32.99,490,16165
2026-01-02 09:38:29,32.99,466,15373
2026-01-02 09:38:30,32.99,515,16990
2026-01-02 09:38:31,32.99,484,15967
2026-01-02 09:38:32,32.99,459,15142
2026-01-02 09:38:33,32.99,502,16561
2026-01-02 09:38:34,32.99,464,15307
2026-01-02 09:38:35,32.99,464,15307
2026-01-02 09:38:36,32.99,479,15802
2026-01-02 09:38:37,32.99,493,16264
2026-01-02 09:38:38,32.99,490,16165
2026-01-02 09:38:39,32.99,509,16792
2026-01-02 09:38:40,32.99,495,16330
2026-01-02 09:38:41,32.99,466,15373
2026-01-02 09:38:42,32.99,457,15076
2026-01-02 09:38:43,32.99,488,16099
2026-01-02 09:38:44,32.99,499,16462
2026-01-02 09:38:45,32.99,495,16330
2026-01-02 09:38:46,32.99,470,15505
2026-01-02 09:38:47,32.99,479,15802
2026-01-02 09:38:48,32.99,461,15208
2026-01-02 09:38:49,32.99,505,16660
2026-01-02 09:38:50,32.99,494,16297
2026-01-02 09:38:51,32.99,486,16033
2026-01-02 09:38:52,32.99,500,16495
2026-01-02 09:38:53,32.99,497,16396
2026-01-02 09:38:54,32.99,496,16363
2026-01-02 09:38:55,32.99,492,16231
2026-01-02 09:38:56,32.99,478,15769
2026-01-02 09:38:57,32.99,482,15901
2026-01-02 09:38:58,32.99,448,14780
2026-01-02 09:38:59,32.99,480,15835
2026-01-02 09:39:00,32.99,505,16660
2026-01-02 09:39:01,32.99,464,15307
2026-01-02 09:39:02,32.99,500,16495
2026-01-02 09:39:03,32.99,436,14384
2026-01-02 09:39:04,32.99,464,15307
2026-01-02 09:39:05,32.99,508,16759
2026-01-02 09:39:06,32.99,486,16033
2026-01-02 09:39:07,32.99,534,17617
2026-01-02 09:39:08,32.99,492,16231
2026-01-02 09:39:09,32.99,507,16726
2026-01-02 09:39:10,32.99,402,13262
2026-01-02 09:39:11,32.99,484,15967
2026-01-02 09:39:12,32.99,459,15142
2026-01-02 09:39:13,32.99,484,15967
2026-01-02 09:39:14,32.99,456,15043
2026-01-02 09:39:15,32.99,469,15472
2026-01-02 09:39:16,32.99,424,13988
2026-01-02 09:39:17,32.99,476,15703
2026-01-02 09:39:18,32.99,479,15802
2026-01-02 09:39:19,32.99,468,15439
2026-01-02 09:39:20,32.99,460,15175
2026-01-02 09:39:21,32.99,451,14878
2026-01-02 09:39:22,32.99,468,15439
2026-01-02 09:39:23,32.99,528,17419
2026-01-02 09:39:24,32.99,472,15571
2026-01-02 09:39:25,32.99,472,15571
2026-01-02 09:39:26,32.99,479,15802
2026-01-02 09:39:27,32.99,414,13658
2026-01-02 09:39:28,32.99,496,16363
2026-01-02 09:39:29,32.99,502,16561
2026-01-02 09:39:30,32.99,486,16033
2026-01-02 09:39:31,32.99,502,16561
2026-01-02 09:39:32,32.99,493,16264
2026-01-02 09:39:33,32.99,486,16033
2026-01-02 09:39:34,32.99,451,14878
2026-01-02 09:39:35,32.99,493,16264
2026-01-02 09:39:36,32.99,476,15703
2026-01-02 09:39:37,32.99,423,13955
2026-01-02 09:39:38,32.99,481,15868
2026-01-02 09:39:39,32.99,469,15472
2026-01-02 09:39:40,32.99,513,16924
2026-01-02 09:39:41,32.99,462,15241
2026-01-02 09:39:42,32.99,463,15274
2026-01-02 09:39:43,32.99,470,15505
2026-01-02 09:39:44,32.99,502,16561
2026-01-02 09:39:45,32.99,455,15010
2026-01-02 09:39:46,32.99,478,15769
2026-01-02 09:39:47,32.99,470,15505
2026-01-02 09:39:48,32.99,470,15505
2026-01-02 09:39:49,32.99,444,14648
2026-01-02 09:39:50,32.99,511,16858
2026-01-02 09:39:51,32.99,436,14384
2026-01-02 09:39:52,32.99,442,14582
2026-01-02 09:39:53,32.99,448,14780
2026-01-02 09:39:54,32.99,453,14944
2026-01-02 09:39:55,32.99,488,16099
2026-01-02 09:39:56,32.99,462,15241
2026-01-02 09:39:57,32.99,462,15241
2026-01-02 09:39:58,32.99,461,15208
2026-01-02 09:39:59,32.99,474,15637
2026-01-02 09:40:00,32.99,464,15307
2026-01-02 09:40:01,32.99,462,15241
2026-01-02 09:40:02,32.99,514,16957
2026-01-02 09:40:03,32.99,469,15472
2026-01-02 09:40:04,32.99,460,15175
2026-01-02 09:40:05,32.99,477,15736
2026-01-02 09:40:06,32.99,491,16198
2026-01-02 09:40:07,32.99,442,14582
2026-01-02 09:40:08,32.99,497,16396
2026-01-02 09:40:09,32.99,477,15736
2026-01-02 09:40:10,32.99,490,16165
2026-01-02 09:40:11,32.99,458,15109
2026-01-02 09:40:12,32.99,442,14582
2026-01-02 09:40:13,32.99,438,14450
2026-01-02 09:40:14,32.99,460,15175
2026-01-02 09:40:15,32.99,466,15373
2026-01-02 09:40:16,32.99,499,16462
2026-01-02 09:40:17,32.99,480,15835
2026-01-02 09:40:18,32.99,449,14813
2026-01-02 09:40:19,32.99,497,16396
2026-01-02 09:40:20,32.99,483,15934
2026-01-02 09:40:21,32.99,509,16792
2026-01-02 09:40:22,32.99,502,16561
2026-01-02 09:40:23,32.99,485,16000
2026-01-02 09:40:24,32.99,484,15967
2026-01-02 09:40:25,32.99,491,16198
2026-01-02 09:40:26,32.99,482,15901
2026-01-02 09:40:27,32.99,446,14714
2026-01-02 09:40:28,32.99,474,15637
2026-01-02 09:40:29,32.99,496,16363
2026-01-02 09:40:30,32.99,479,15802
2026-01-02 09:40:31,32.99,442,14582
2026-01-02 09:40:32,32.99,471,15538
2026-01-02 09:40:33,32.99,480,15835
2026-01-02 09:40:34,32.99,455,15010
2026-01-02 09:40:35,32.99,441,14549
2026-01-02 09:40:36,32.99,483,15934
2026-01-02 09:40:37,32.99,501,16528
2026-01-02 09:40:38,32.99,434,14318
2026-01-02 09:40:39,32.99,500,16495
2026-01-02 09:40:40,32.99,469,15472
2026-01-02 09:40:41,32.99,466,15373
2026-01-02 09:40:42,32.99,435,14351
2026-01-02 09:40:43,32.99,471,15538
2026-01-02 09:40:44,32.99,519,17122
2026-01-02 09:40:45,32.99,475,15670
2026-01-02 09:40:46,32.99,462,15241
2026-01-02 09:40:47,32.99,453,14944
2026-01-02 09:40:48,32.99,484,15967
2026-01-02 09:40:49,32.99,459,15142
2026-01-02 09:40:50,32.99,439,14483
2026-01-02 09:40:51,32.99,474,15637
2026-01-02 09:40:52,32.99,466,15373
2026-01-02 09:40:53,32.99,471,15538
2026-01-02 09:40:54,32.99,459,15142
2026-01-02 09:40:55,32.99,440,14516
2026-01-02 09:40:56,32.99,471,15538
2026-01-02 09:40:57,32.99,403,13295
2026-01-02 09:40:58,32.99,446,14714
2026-01-02 09:40:59,32.99,465,15340
2026-01-02 09:41:00,32.99,486,16033
2026-01-02 09:41:01,32.99,481,15868
2026-01-02 09:41:02,32.99,493,16264
2026-01-02 09:41:03,32.99,475,15670
2026-01-02 09:41:04,32.99,445,14681
2026-01-02 09:41:05,32.99,437,14417
2026-01-02 09:41:06,32.99,442,14582
2026-01-02 09:41:07,32.99,472,15571
2026-01-02 09:41:08,32.99,393,12965
2026-01-02 09:41:09,32.99,485,16000
2026-01-02 09:41:10,32.99,467,15406
2026-01-02 09:41:11,32.99,495,16330
2026-01-02 09:41:12,32.99,467,15406
2026-01-02 09:41:13,32.99,462,15241
2026-01-02 09:41:14,32.99,437,14417
2026-01-02 09:41:15,32.99,469,15472
2026-01-02 09:41:16,32.99,488,16099
2026-01-02 09:41:17,32.99,467,15406
2026-01-02 09:41:18,32.99,438,14450
2026-01-02 09:41:19,32.99,465,15340
2026-01-02 09:41:20,32.99,482,15901
2026-01-02 09:41:21,32.99,454,14977
2026-01-02 09:41:22,32.99,455,15010
2026-01-02 09:41:23,32.99,463,15274
2026-01-02 09:41:24,32.99,478,15769
2026-01-02 09:41:25,32.99,468,15439
2026-01-02 09:41:26,32.99,478,15769
2026-01-02 09:41:27,32.99,436,14384
2026-01-02 09:41:28,32.99,456,15043
2026-01-02 09:41:29,32.99,468,15439
2026-01-02 09:41:30,32.99,435,14351
2026-01-02 09:41:31,32.99,491,16198
2026-01-02 09:41:32,32.99,489,16132
2026-01-02 09:41:33,32.99,471,15538
2026-01-02 09:41:34,32.99,470,15505
2026-01-02 09:41:35,32.99,467,15406
2026-01-02 09:41:36,32.99,441,14549
2026-01-02 09:41:37,32.99,485,16000
2026-01-02 09:41:38,32.99,455,15010
2026-01-02 09:41:39,32.99,419,13823
2026-01-02 09:41:40,32.99,446,14714
2026-01-02 09:41:41,32.99,470,15505
2026-01-02 09:41:42,32.99,463,15274
2026-01-02 09:41:43,32.99,463,15274
2026-01-02 09:41:44,32.99,476,15703
2026-01-02 09:41:45,32.99,460,15175
2026-01-02 09:41:46,32.99,479,15802
2026-01-02 09:41:47,32.99,479,15802
2026-01-02 09:41:48,32.99,466,15373
2026-01-02 09:41:49,32.99,440,14516
2026-01-02 09:41:50,32.99,436,14384
2026-01-02 09:41:51,32.99,459,15142
2026-01-02 09:41:52,32.99,494,16297
2026-01-02 09:41:53,32.99,465,15340
2026-01-02 09:41:54,32.99,451,14878
2026-01-02 09:41:55,32.99,467,15406
2026-01-02 09:41:56,32.99,505,16660
2026-01-02 09:41:57,32.99,442,14582
2026-01-02 09:41:58,32.99,469,15472
2026-01-02 09:41:59,32.99,485,16000
2026-01-02 09:42:00,32.99,440,14516
2026-01-02 09:42:01,32.99,438,14450
2026-01-02 09:42:02,32.99,461,15208
2026-01-02 09:42:03,32.99,473,15604
2026-01-02 09:42:04,32.99,474,15637
2026-01-02 09:42:05,32.99,471,15538
2026-01-02 09:42:06,32.99,476,15703
2026-01-02 09:42:07,32.99,450,14846
2026-01-02 09:42:08,32.99,504,16627
2026-01-02 09:42:09,32.99,458,15109
2026-01-02 09:42:10,32.99,447,14747
2026-01-02 09:42:11,32.99,445,14681
2026-01-02 09:42:12,32.99,453,14944
2026-01-02 09:42:13,32.99,461,15208
2026-01-02 09:42:14,32.99,494,16297
2026-01-02 09:42:15,32.99,445,14681
2026-01-02 09:42:16,32.99,483,15934
2026-01-02 09:42:17,32.99,459,15142
2026-01-02 09:42:18,32.99,461,15208
2026-01-02 09:42:19,32.99,460,15175
2026-01-02 09:42:20,32.99,418,13790
2026-01-02 09:42:21,32.99,458,15109
2026-01-02 09:42:22,32.99,509,16792
2026-01-02 09:42:23,32.99,479,15802
2026-01-02 09:42:24,32.99,442,14582
2026-01-02 09:42:25,32.99,468,15439
2026-01-02 09:42:26,32.99,476,15703
2026-01-02 09:42:27,32.99,461,15208
2026-01-02 09:42:28,32.99,433,14285
2026-01-02 09:42:29,32.99,461,15208
2026-01-02 09:42:30,32.99,461,15208
2026-01-02 09:42:31,32.99,469,15472
2026-01-02 09:42:32,32.99,470,15505
2026-01-02 09:42:33,32.99,459,15142
2026-01-02 09:42:34,32.99,458,15109
2026-01-02 09:42:35,32.99,438,14450
2026-01-02 09:42:36,32.99,445,14681
2026-01-02 09:42:37,32.99,447,14747
2026-01-02 09:42:38,32.99,485,16000
2026-01-02 09:42:39,32.99,492,16231
2026-01-02 09:42:40,32.99,441,14549
2026-01-02 09:42:41,32.99,428,14120
2026-01-02 09:42:42,32.99,463,15274
2026-01-02 09:42:43,32.99,446,14714
2026-01-02 09:42:44,32.99,459,15142
2026-01-02 09:42:45,32.99,470,15505
2026-01-02 09:42:46,32.99,456,15043
2026-01-02 09:42:47,32.99,449,14813
2026-01-02 09:42:48,32.99,472,15571
2026-01-02 09:42:49,32.99,476,15703
2026-01-02 09:42:50,32.99,477,15736
2026-01-02 09:42:51,32.99,480,15835
2026-01-02 09:42:52,32.99,448,14780
2026-01-02 09:42:53,32.99,468,15439
2026-01-02 09:42:54,32.99,456,15043
2026-01-02 09:42:55,32.99,475,15670
2026-01-02 09:42:56,32.99,429,14153
2026-01-02 09:42:57,32.99,445,14681
2026-01-02 09:42:58,32.99,447,14747
2026-01-02 09:42:59,32.99,436,14384
2026-01-02 09:43:00,32.99,478,15769
2026-01-02 09:43:01,32.99,450,14846
2026-01-02 09:43:02,32.99,457,15076
2026-01-02 09:43:03,32.99,444,14648
2026-01-02 09:43:04,32.99,481,15868
2026-01-02 09:43:05,32.99,465,15340
2026-01-02 09:43:06,32.99,448,14780
2026-01-02 09:43:07,32.99,460,15175
2026-01-02 09:43:08,32.99,503,16594
2026-01-02 09:43:09,32.99,454,14977
2026-01-02 09:43:10,32.99,456,15043
2026-01-02 09:43:11,32.99,427,14087
2026-01-02 09:43:12,32.99,447,14747
2026-01-02 09:43:13,32.99,443,14615
2026-01-02 09:43:14,32.99,454,14977
2026-01-02 09:43:15,32.99,452,14911
2026-01-02 09:43:16,32.99,449,14813
2026-01-02 09:43:17,32.99,424,13988
2026-01-02 09:43:18,32.99,446,14714
2026-01-02 09:43:19,32.99,440,14516
2026-01-02 09:43:20,32.99,473,15604
2026-01-02 09:43:21,32.99,470,15505
2026-01-02 09:43:22,32.99,465,15340
2026-01-02 09:43:23,32.99,434,14318
2026-01-02 09:43:24,32.99,434,14318
2026-01-02 09:43:25,32.99,448,14780
2026-01-02 09:43:26,32.99,454,14977
2026-01-02 09:43:27,32.99,470,15505
2026-01-02 09:43:28,32.99,477,15736
2026-01-02 09:43:29,32.99,454,14977
2026-01-02 09:43:30,32.99,429,14153
2026-01-02 09:43:31,32.99,476,15703
2026-01-02 09:43:32,32.99,422,13922
2026-01-02 09:43:33,32.99,458,15109
2026-01-02 09:43:34,32.99,461,15208
2026-01-02 09:43:35,32.99,458,15109
2026-01-02 09:43:36,32.99,435,14351
2026-01-02 09:43:37,32.99,444,14648
2026-01-02 09:43:38,32.99,455,15010
2026-01-02 09:43:39,32.99,488,16099
2026-01-02 09:43:40,32.99,475,15670
2026-01-02 09:43:41,32.99,445,14681
2026-01-02 09:43:42,32.99,449,14813
2026-01-02 09:43:43,32.99,448,14780
2026-01-02 09:43:44,32.99,483,15934
2026-01-02 09:43:45,32.99,430,14186
2026-01-02 09:43:46,32.99,451,14878
2026-01-02 09:43:47,32.99,447,14747
2026-01-02 09:43:48,32.99,475,15670
2026-01-02 09:43:49,32.99,413,13625
2026-01-02 09:43:50,32.99,483,15934
2026-01-02 09:43:51,32.99,456,15043
2026-01-02 09:43:52,32.99,516,17023
2026-01-02 09:43:53,32.99,430,14186
2026-01-02 09:43:54,32.99,450,14846
2026-01-02 09:43:55,32.99,431,14219
2026-01-02 09:43:56,32.99,410,13526
2026-01-02 09:43:57,32.99,452,14911
2026-01-02 09:43:58,32.99,454,14977
2026-01-02 09:43:59,32.99,447,14747
2026-01-02 09:44:00,32.99,468,15439
2026-01-02 09:44:01,32.99,430,14186
2026-01-02 09:44:02,32.99,450,14846
2026-01-02 09:44:03,32.99,425,14021
2026-01-02 09:44:04,32.99,478,15769
2026-01-02 09:44:05,32.99,442,14582
2026-01-02 09:44:06,32.99,468,15439
2026-01-02 09:44:07,32.99,434,14318
2026-01-02 09:44:08,32.99,487,16066
2026-01-02 09:44:09,32.99,450,14846
2026-01-02 09:44:10,32.99,453,14944
2026-01-02 09:44:11,32.99,456,15043
2026-01-02 09:44:12,32.99,447,14747
2026-01-02 09:44:13,32.99,438,14450
2026-01-02 09:44:14,32.99,463,15274
2026-01-02 09:44:15,32.99,417,13757
2026-01-02 09:44:16,32.99,445,14681
2026-01-02 09:44:17,32.99,480,15835
2026-01-02 09:44:18,32.99,445,14681
2026-01-02 09:44:19,32.99,456,15043
2026-01-02 09:44:20,32.99,452,14911
2026-01-02 09:44:21,32.99,444,14648
2026-01-02 09:44:22,32.99,472,15571
2026-01-02 09:44:23,32.99,453,14944
2026-01-02 09:44:24,32.99,455,15010
2026-01-02 09:44:25,32.99,446,14714
2026-01-02 09:44:26,32.99,460,15175
2026-01-02 09:44:27,32.99,474,15637
2026-01-02 09:44:28,32.99,434,14318
2026-01-02 09:44:29,32.99,482,15901
2026-01-02 09:44:30,32.99,459,15142
2026-01-02 09:44:31,32.99,447,14747
2026-01-02 09:44:32,32.99,469,15472
2026-01-02 09:44:33,32.99,436,14384
2026-01-02 09:44:34,32.99,430,14186
2026-01-02 09:44:35,32.99,446,14714
2026-01-02 09:44:36,32.99,454,14977
2026-01-02 09:44:37,32.99,413,13625
2026-01-02 09:44:38,32.99,446,14714
2026-01-02 09:44:39,32.99,493,16264
2026-01-02 09:44:40,32.99,436,14384
2026-01-02 09:44:41,32.99,442,14582
2026-01-02 09:44:42,32.99,436,14384
2026-01-02 09:44:43,32.99,472,15571
2026-01-02 09:44:44,32.99,453,14944
2026-01-02 09:44:45,32.99,442,14582
2026-01-02 09:44:46,32.99,445,14681
2026-01-02 09:44:47,32.99,420,13856
2026-01-02 09:44:48,32.99,449,14813
2026-01-02 09:44:49,32.99,443,14615
2026-01-02 09:44:50,32.99,421,13889
2026-01-02 09:44:51,32.99,476,15703
2026-01-02 09:44:52,32.99,451,14878
2026-01-02 09:44:53,32.99,494,16297
2026-01-02 09:44:54,32.99,483,15934
2026-01-02 09:44:55,32.99,436,14384
2026-01-02 09:44:56,32.99,449,14813
2026-01-02 09:44:57,32.99,462,15241
2026-01-02 09:44:58,32.99,456,15043
2026-01-02 09:44:59,32.99,469,15472
2026-01-02 09:45:00,32.99,419,13823
2026-01-02 09:45:01,32.99,451,14878
2026-01-02 09:45:02,32.99,470,15505
2026-01-02 09:45:03,32.99,421,13889
2026-01-02 09:45:04,32.99,437,14417
2026-01-02 09:45:05,32.99,479,15802
2026-01-02 09:45:06,32.99,432,14252
2026-01-02 09:45:07,32.99,439,14483
2026-01-02 09:45:08,32.99,463,15274
2026-01-02 09:45:09,32.99,466,15373
2026-01-02 09:45:10,32.99,432,14252
2026-01-02 09:45:11,32.99,454,14977
2026-01-02 09:45:12,32.99,439,14483
2026-01-02 09:45:13,32.99,437,14417
2026-01-02 09:45:14,32.99,449,14813
2026-01-02 09:45:15,32.99,446,14714
2026-01-02 09:45:16,32.99,463,15274
2026-01-02 09:45:17,32.99,421,13889
2026-01-02 09:45:18,32.99,439,14483
2026-01-02 09:45:19,32.99,449,14813
2026-01-02 09:45:20,32.99,444,14648
2026-01-02 09:45:21,32.99,391,12899
2026-01-02 09:45:22,32.99,448,14780
2026-01-02 09:45:23,32.99,423,13955
2026-01-02 09:45:24,32.99,453,14944
2026-01-02 09:45:25,32.99,459,15142
2026-01-02 09:45:26,32.99,492,16231
2026-01-02 09:45:27,32.99,421,13889
2026-01-02 09:45:28,32.99,428,14120
2026-01-02 09:45:29,32.99,457,15076
2026-01-02 09:45:30,32.99,470,15505
2026-01-02 09:45:31,32.99,444,14648
2026-01-02 09:45:32,32.99,430,14186
2026-01-02 09:45:33,32.99,476,15703
2026-01-02 09:45:34,32.99,449,14813
2026-01-02 09:45:35,32.99,395,13031
2026-01-02 09:45:36,32.99,461,15208
2026-01-02 09:45:37,32.99,429,14153
2026-01-02 09:45:38,32.99,443,14615
2026-01-02 09:45:39,32.99,450,14846
2026-01-02 09:45:40,32.99,482,15901
2026-01-02 09:45:41,32.99,413,13625
2026-01-02 09:45:42,32.99,430,14186
2026-01-02 09:45:43,32.99,451,14878
2026-01-02 09:45:44,32.99,402,13262
2026-01-02 09:45:45,32.99,463,15274
2026-01-02 09:45:46,32.99,478,15769
2026-01-02 09:45:47,32.99,493,16264
2026-01-02 09:45:48,32.99,433,14285
2026-01-02 09:45:49,32.99,440,14516
2026-01-02 09:45:50,32.99,431,14219
2026-01-02 09:45:51,32.99,458,15109
2026-01-02 09:45:52,32.99,469,15472
2026-01-02 09:45:53,32.99,488,16099
2026-01-02 09:45:54,32.99,460,15175
2026-01-02 09:45:55,32.99,414,13658
2026-01-02 09:45:56,32.99,416,13724
2026-01-02 09:45:57,32.99,453,14944
2026-01-02 09:45:58,32.99,480,15835
2026-01-02 09:45:59,32.99,434,14318
2026-01-02 09:46:00,32.99,453,14944
2026-01-02 09:46:01,32.99,446,14714
2026-01-02 09:46:02,32.99,446,14714
2026-01-02 09:46:03,32.99,423,13955
2026-01-02 09:46:04,32.99,414,13658
2026-01-02 09:46:05,32.99,447,14747
2026-01-02 09:46:06,32.99,442,14582
2026-01-02 09:46:07,32.99,450,14846
2026-01-02 09:46:08,32.99,469,15472
2026-01-02 09:46:09,32.99,448,14780
2026-01-02 09:46:10,32.99,442,14582
2026-01-02 09:46:11,32.99,428,14120
2026-01-02 09:46:12,32.99,435,14351
2026-01-02 09:46:13,32.99,410,13526
2026-01-02 09:46:14,32.99,461,15208
2026-01-02 09:46:15,32.99,394,12998
2026-01-02 09:46:16,32.99,453,14944
2026-01-02 09:46:17,32.99,464,15307
2026-01-02 09:46:18,32.99,453,14944
2026-01-02 09:46:19,32.99,439,14483
2026-01-02 09:46:20,32.99,483,15934
2026-01-02 09:46:21,32.99,423,13955
2026-01-02 09:46:22,32.99,433,14285
2026-01-02 09:46:23,32.99,455,15010
2026-01-02 09:46:24,32.99,439,14483
2026-01-02 09:46:25,32.99,419,13823
2026-01-02 09:46:26,32.99,439,14483
2026-01-02 09:46:27,32.99,423,13955
2026-01-02 09:46:28,32.99,438,14450
2026-01-02 09:46:29,32.99,444,14648
2026-01-02 09:46:30,32.99,401,13229
2026-01-02 09:46:31,32.99,473,15604
2026-01-02 09:46:32,32.99,446,14714
2026-01-02 09:46:33,32.99,420,13856
2026-01-02 09:46:34,32.99,435,14351
2026-01-02 09:46:35,32.99,473,15604
2026-01-02 09:46:36,32.99,424,13988
2026-01-02 09:46:37,32.99,423,13955
2026-01-02 09:46:38,32.99,452,14911
2026-01-02 09:46:39,32.99,445,14681
2026-01-02 09:46:40,32.99,424,13988
2026-01-02 09:46:41,32.99,434,14318
2026-01-02 09:46:42,32.99,427,14087
2026-01-02 09:46:43,32.99,435,14351
2026-01-02 09:46:44,32.99,449,14813
2026-01-02 09:46:45,32.99,399,13163
2026-01-02 09:46:46,32.99,435,14351
2026-01-02 09:46:47,32.99,430,14186
2026-01-02 09:46:48,32.99,458,15109
2026-01-02 09:46:49,32.99,431,14219
2026-01-02 09:46:50,32.99,453,14944
2026-01-02 09:46:51,32.99,459,15142
2026-01-02 09:46:52,32.99,510,16825
2026-01-02 09:46:53,32.99,450,14846
2026-01-02 09:46:54,32.99,462,15241
2026-01-02 09:46:55,32.99,405,13361
2026-01-02 09:46:56,32.99,437,14417
2026-01-02 09:46:57,32.99,456,15043
2026-01-02 09:46:58,32.99,471,15538
2026-01-02 09:46:59,32.99,426,14054
2026-01-02 09:47:00,32.99,486,16033
2026-01-02 09:47:01,32.99,432,14252
2026-01-02 09:47:02,32.99,417,13757
2026-01-02 09:47:03,32.99,448,14780
2026-01-02 09:47:04,32.99,384,12668
2026-01-02 09:47:05,32.99,429,14153
2026-01-02 09:47:06,32.99,449,14813
2026-01-02 09:47:07,32.99,426,14054
2026-01-02 09:47:08,32.99,436,14384
2026-01-02 09:47:09,32.99,439,14483
2026-01-02 09:47:10,32.99,423,13955
2026-01-02 09:47:11,32.99,449,14813
2026-01-02 09:47:12,32.99,444,14648
2026-01-02 09:47:13,32.99,457,15076
2026-01-02 09:47:14,32.99,423,13955
2026-01-02 09:47:15,32.99,418,13790
2026-01-02 09:47:16,32.99,436,14384
2026-01-02 09:47:17,32.99,463,15274
2026-01-02 09:47:18,32.99,434,14318
2026-01-02 09:47:19,32.99,408,13460
2026-01-02 09:47:20,32.99,407,13427
2026-01-02 09:47:21,32.99,449,14813
2026-01-02 09:47:22,32.99,446,14714
2026-01-02 09:47:23,32.99,425,14021
2026-01-02 09:47:24,32.99,436,14384
2026-01-02 09:47:25,32.99,404,13328
2026-01-02 09:47:26,32.99,412,13592
2026-01-02 09:47:27,32.99,445,14681
2026-01-02 09:47:28,32.99,459,15142
2026-01-02 09:47:29,32.99,411,13559
2026-01-02 09:47:30,32.99,453,14944
2026-01-02 09:47:31,32.99,425,14021
2026-01-02 09:47:32,32.99,445,14681
2026-01-02 09:47:33,32.99,458,15109
2026-01-02 09:47:34,32.99,480,15835
2026-01-02 09:47:35,32.99,473,15604
2026-01-02 09:47:36,32.99,435,14351
2026-01-02 09:47:37,32.99,455,15010
2026-01-02 09:47:38,32.99,404,13328
2026-01-02 09:47:39,32.99,449,14813
2026-01-02 09:47:40,32.99,429,14153
2026-01-02 09:47:41,32.99,432,14252
2026-01-02 09:47:42,32.99,425,14021
2026-01-02 09:47:43,32.99,451,14878
2026-01-02 09:47:44,32.99,430,14186
2026-01-02 09:47:45,32.99,429,14153
2026-01-02 09:47:46,32.99,413,13625
2026-01-02 09:47:47,32.99,413,13625
2026-01-02 09:47:48,32.99,425,14021
2026-01-02 09:47:49,32.99,487,16066
2026-01-02 09:47:50,32.99,454,14977
2026-01-02 09:47:51,32.99,419,13823
2026-01-02 09:47:52,32.99,416,13724
2026-01-02 09:47:53,32.99,432,14252
2026-01-02 09:47:54,32.99,441,14549
2026-01-02 09:47:55,32.99,424,13988
2026-01-02 09:47:56,32.99,453,14944
2026-01-02 09:47:57,32.99,405,13361
2026-01-02 09:47:58,32.99,433,14285
2026-01-02 09:47:59,32.99,472,15571
2026-01-02 09:48:00,32.99,459,15142
2026-01-02 09:48:01,32.99,424,13988
2026-01-02 09:48:02,32.99,434,14318
2026-01-02 09:48:03,32.99,416,13724
2026-01-02 09:48:04,32.99,473,15604
2026-01-02 09:48:05,32.99,451,14878
2026-01-02 09:48:06,32.99,464,15307
2026-01-02 09:48:07,32.99,456,15043
2026-01-02 09:48:08,32.99,435,14351
2026-01-02 09:48:09,32.99,406,13394
2026-01-02 09:48:10,32.99,415,13691
2026-01-02 09:48:11,32.99,399,13163
2026-01-02 09:48:12,32.99,423,13955
2026-01-02 09:48:13,32.99,422,13922
2026-01-02 09:48:14,32.99,427,14087
2026-01-02 09:48:15,32.99,474,15637
2026-01-02 09:48:16,32.99,426,14054
2026-01-02 09:48:17,32.99,480,15835
2026-01-02 09:48:18,32.99,426,14054
2026-01-02 09:48:19,32.99,460,15175
2026-01-02 09:48:20,32.99,427,14087
2026-01-02 09:48:21,32.99,440,14516
2026-01-02 09:48:22,32.99,430,14186
2026-01-02 09:48:23,32.99,421,13889
2026-01-02 09:48:24,32.99,421,13889
2026-01-02 09:48:25,32.99,456,15043
2026-01-02 09:48:26,32.99,452,14911
2026-01-02 09:48:27,32.99,421,13889
2026-01-02 09:48:28,32.99,458,15109
2026-01-02 09:48:29,32.99,463,15274
2026-01-02 09:48:30,32.99,446,14714
2026-01-02 09:48:31,32.99,424,13988
2026-01-02 09:48:32,32.99,418,13790
2026-01-02 09:48:33,32.99,420,13856
2026-01-02 09:48:34,32.99,411,13559
2026-01-02 09:48:35,32.99,412,13592
2026-01-02 09:48:36,32.99,468,15439
2026-01-02 09:48:37,32.99,427,14087
2026-01-02 09:48:38,32.99,462,15241
2026-01-02 09:48:39,32.99,425,14021
2026-01-02 09:48:40,32.99,471,15538
2026-01-02 09:48:41,32.99,433,14285
2026-01-02 09:48:42,32.99,430,14186
2026-01-02 09:48:43,32.99,439,14483
2026-01-02 09:48:44,32.99,387,12767
2026-01-02 09:48:45,32.99,444,14648
2026-01-02 09:48:46,32.99,426,14054
2026-01-02 09:48:47,32.99,464,15307
2026-01-02 09:48:48,32.99,439,14483
2026-01-02 09:48:49,32.99,416,13724
2026-01-02 09:48:50,32.99,407,13427
2026-01-02 09:48:51,32.99,394,12998
2026-01-02 09:48:52,32.99,429,14153
2026-01-02 09:48:53,32.99,405,13361
2026-01-02 09:48:54,32.99,412,13592
2026-01-02 09:48:55,32.99,408,13460
2026-01-02 09:48:56,32.99,452,14911
2026-01-02 09:48:57,32.99,433,14285
2026-01-02 09:48:58,32.99,412,13592
2026-01-02 09:48:59,32.99,459,15142
2026-01-02 09:49:00,32.99,421,13889
2026-01-02 09:49:01,32.99,436,14384
2026-01-02 09:49:02,32.99,457,15076
2026-01-02 09:49:03,32.99,457,15076
2026-01-02 09:49:04,32.99,453,14944
2026-01-02 09:49:05,32.99,421,13889
2026-01-02 09:49:06,32.99,399,13163
2026-01-02 09:49:07,32.99,411,13559
2026-01-02 09:49:08,32.99,403,13295
2026-01-02 09:49:09,32.99,423,13955
2026-01-02 09:49:10,32.99,405,13361
2026-01-02 09:49:11,32.99,463,15274
2026-01-02 09:49:12,32.99,456,15043
2026-01-02 09:49:13,32.99,432,14252
2026-01-02 09:49:14,32.99,446,14714
2026-01-02 09:49:15,32.99,427,14087
2026-01-02 09:49:16,32.99,427,14087
2026-01-02 09:49:17,32.99,433,14285
2026-01-02 09:49:18,32.99,445,14681
2026-01-02 09:49:19,32.99,441,14549
2026-01-02 09:49:20,32.99,426,14054
2026-01-02 09:49:21,32.99,387,12767
2026-01-02 09:49:22,32.99,440,14516
2026-01-02 09:49:23,32.99,450,14846
2026-01-02 09:49:24,32.99,416,13724
2026-01-02 09:49:25,32.99,458,15109
2026-01-02 09:49:26,32.99,417,13757
2026-01-02 09:49:27,32.99,444,14648
2026-01-02 09:49:28,32.99,450,14846
2026-01-02 09:49:29,32.99,396,13064
2026-01-02 09:49:30,32.99,435,14351
2026-01-02 09:49:31,32.99,451,14878
2026-01-02 09:49:32,32.99,447,14747
2026-01-02 09:49:33,32.99,417,13757
2026-01-02 09:49:34,32.99,443,14615
2026-01-02 09:49:35,32.99,453,14944
2026-01-02 09:49:36,32.99,444,14648
2026-01-02 09:49:37,32.99,455,15010
2026-01-02 09:49:38,32.99,392,12932
2026-01-02 09:49:39,32.99,445,14681
2026-01-02 09:49:40,32.99,409,13493
2026-01-02 09:49:41,32.99,470,15505
2026-01-02 09:49:42,32.99,410,13526
2026-01-02 09:49:43,32.99,437,14417
2026-01-02 09:49:44,32.99,452,14911
2026-01-02 09:49:45,32.99,432,14252
2026-01-02 09:49:46,32.99,397,13097
2026-01-02 09:49:47,32.99,399,13163
2026-01-02 09:49:48,32.99,450,14846
2026-01-02 09:49:49,32.99,434,14318
2026-01-02 09:49:50,32.99,461,15208
2026-01-02 09:49:51,32.99,396,13064
2026-01-02 09:49:52,32.99,425,14021
2026-01-02 09:49:53,32.99,420,13856
2026-01-02 09:49:54,32.99,451,14878
2026-01-02 09:49:55,32.99,429,14153
2026-01-02 09:49:56,32.99,403,13295
2026-01-02 09:49:57,32.99,398,13130
2026-01-02 09:49:58,32.99,424,13988
2026-01-02 09:49:59,32.99,454,14977
2026-01-02 09:50:00,32.99,426,14054
2026-01-02 09:50:01,32.99,410,13526
2026-01-02 09:50:02,32.99,469,15472
2026-01-02 09:50:03,32.99,434,14318
2026-01-02 09:50:04,32.99,436,14384
2026-01-02 09:50:05,32.99,427,14087
2026-01-02 09:50:06,32.99,396,13064
2026-01-02 09:50:07,32.99,424,13988
2026-01-02 09:50:08,32.99,384,12668
2026-01-02 09:50:09,32.99,455,15010
2026-01-02 09:50:10,32.99,451,14878
2026-01-02 09:50:11,32.99,414,13658
2026-01-02 09:50:12,32.99,418,13790
2026-01-02 09:50:13,32.99,408,13460
2026-01-02 09:50:14,32.99,408,13460
2026-01-02 09:50:15,32.99,434,14318
2026-01-02 09:50:16,32.99,418,13790
2026-01-02 09:50:17,32.99,409,13493
2026-01-02 09:50:18,32.99,436,14384
2026-01-02 09:50:19,32.99,406,13394
2026-01-02 09:50:20,32.99,383,12635
2026-01-02 09:50:21,32.99,462,15241
2026-01-02 09:50:22,32.99,420,13856
2026-01-02 09:50:23,32.99,401,13229
2026-01-02 09:50:24,32.99,406,13394
2026-01-02 09:50:25,32.99,419,13823
2026-01-02 09:50:26,32.99,445,14681
2026-01-02 09:50:27,32.99,464,15307
2026-01-02 09:50:28,32.99,439,14483
2026-01-02 09:50:29,32.99,416,13724
2026-01-02 09:50:30,32.99,439,14483
2026-01-02 09:50:31,32.99,440,14516
2026-01-02 09:50:32,32.99,444,14648
2026-01-02 09:50:33,32.99,425,14021
2026-01-02 09:50:34,32.99,411,13559
2026-01-02 09:50:35,32.99,431,14219
2026-01-02 09:50:36,32.99,428,14120
2026-01-02 09:50:37,32.99,454,14977
2026-01-02 09:50:38,32.99,437,14417
2026-01-02 09:50:39,32.99,428,14120
2026-01-02 09:50:40,32.99,444,14648
2026-01-02 09:50:41,32.99,414,13658
2026-01-02 09:50:42,32.99,412,13592
2026-01-02 09:50:43,32.99,411,13559
2026-01-02 09:50:44,32.99,466,15373
2026-01-02 09:50:45,32.99,418,13790
2026-01-02 09:50:46,32.99,442,14582
2026-01-02 09:50:47,32.99,415,13691
2026-01-02 09:50:48,32.99,392,12932
2026-01-02 09:50:49,32.99,443,14615
2026-01-02 09:50:50,32.99,374,12338
2026-01-02 09:50:51,32.99,410,13526
2026-01-02 09:50:52,32.99,446,14714
2026-01-02 09:50:53,32.99,461,15208
2026-01-02 09:50:54,32.99,396,13064
2026-01-02 09:50:55,32.99,393,12965
2026-01-02 09:50:56,32.99,415,13691
2026-01-02 09:50:57,32.99,391,12899
2026-01-02 09:50:58,32.99,431,14219
2026-01-02 09:50:59,32.99,424,13988
2026-01-02 09:51:00,32.99,447,14747
2026-01-02 09:51:01,32.99,425,14021
2026-01-02 09:51:02,32.99,433,14285
2026-01-02 09:51:03,32.99,389,12833
2026-01-02 09:51:04,32.99,436,14384
2026-01-02 09:51:05,32.99,410,13526
2026-01-02 09:51:06,32.99,410,13526
2026-01-02 09:51:07,32.99,436,14384
2026-01-02 09:51:08,32.99,407,13427
2026-01-02 09:51:09,32.99,435,14351
2026-01-02 09:51:10,32.99,398,13130
2026-01-02 09:51:11,32.99,396,13064
2026-01-02 09:51:12,32.99,432,14252
2026-01-02 09:51:13,32.99,404,13328
2026-01-02 09:51:14,32.99,417,13757
2026-01-02 09:51:15,32.99,454,14977
2026-01-02 09:51:16,32.99,418,13790
2026-01-02 09:51:17,32.99,410,13526
2026-01-02 09:51:18,32.99,418,13790
2026-01-02 09:51:19,32.99,385,12701
2026-01-02 09:51:20,32.99,447,14747
2026-01-02 09:51:21,32.99,432,14252
2026-01-02 09:51:22,32.99,424,13988
2026-01-02 09:51:23,32.99,416,13724
2026-01-02 09:51:24,32.99,433,14285
2026-01-02 09:51:25,32.99,377,12437
2026-01-02 09:51:26,32.99,416,13724
2026-01-02 09:51:27,32.99,424,13988
2026-01-02 09:51:28,32.99,386,12734
2026-01-02 09:51:29,32.99,434,14318
2026-01-02 09:51:30,32.99,444,14648
2026-01-02 09:51:31,32.99,426,14054
2026-01-02 09:51:32,32.99,447,14747
2026-01-02 09:51:33,32.99,417,13757
2026-01-02 09:51:34,32.99,409,13493
2026-01-02 09:51:35,32.99,433,14285
2026-01-02 09:51:36,32.99,416,13724
2026-01-02 09:51:37,32.99,436,14384
2026-01-02 09:51:38,32.99,420,13856
2026-01-02 09:51:39,32.99,426,14054
2026-01-02 09:51:40,32.99,379,12503
2026-01-02 09:51:41,32.99,437,14417
2026-01-02 09:51:42,32.99,434,14318
2026-01-02 09:51:43,32.99,439,14483
2026-01-02 09:51:44,32.99,426,14054
2026-01-02 09:51:45,32.99,395,13031
2026-01-02 09:51:46,32.99,415,13691
2026-01-02 09:51:47,32.99,410,13526
2026-01-02 09:51:48,32.99,459,15142
2026-01-02 09:51:49,32.99,405,13361
2026-01-02 09:51:50,32.99,442,14582
2026-01-02 09:51:51,32.99,418,13790
2026-01-02 09:51:52,32.99,431,14219
2026-01-02 09:51:53,32.99,405,13361
2026-01-02 09:51:54,32.99,397,13097
2026-01-02 09:51:55,32.99,401,13229
2026-01-02 09:51:56,32.99,404,13328
2026-01-02 09:51:57,32.99,436,14384
2026-01-02 09:51:58,32.99,422,13922
2026-01-02 09:51:59,32.99,434,14318
2026-01-02 09:52:00,32.99,445,14681
2026-01-02 09:52:01,32.99,443,14615
2026-01-02 09:52:02,32.99,446,14714
2026-01-02 09:52:03,32.99,433,14285
2026-01-02 09:52:04,32.99,433,14285
2026-01-02 09:52:05,32.99,420,13856
2026-01-02 09:52:06,32.99,432,14252
2026-01-02 09:52:07,32.99,420,13856
2026-01-02 09:52:08,32.99,436,14384
2026-01-02 09:52:09,32.99,410,13526
2026-01-02 09:52:10,32.99,453,14944
2026-01-02 09:52:11,32.99,404,13328
2026-01-02 09:52:12,32.99,418,13790
2026-01-02 09:52:13,32.99,388,12800
2026-01-02 09:52:14,32.99,371,12239
2026-01-02 09:52:15,32.99,438,14450
2026-01-02 09:52:16,32.99,450,14846
2026-01-02 09:52:17,32.99,424,13988
2026-01-02 09:52:18,32.99,416,13724
2026-01-02 09:52:19,32.99,378,12470
2026-01-02 09:52:20,32.99,431,14219
2026-01-02 09:52:21,32.99,432,14252
2026-01-02 09:52:22,32.99,409,13493
2026-01-02 09:52:23,32.99,383,12635
2026-01-02 09:52:24,32.99,413,13625
2026-01-02 09:52:25,32.99,413,13625
2026-01-02 09:52:26,32.99,403,13295
2026-01-02 09:52:27,32.99,400,13196
2026-01-02 09:52:28,32.99,443,14615
2026-01-02 09:52:29,32.99,364,12008
2026-01-02 09:52:30,32.99,418,13790
2026-01-02 09:52:31,32.99,418,13790
2026-01-02 09:52:32,32.99,390,12866
2026-01-02 09:52:33,32.99,370,12206
2026-01-02 09:52:34,32.99,414,13658
2026-01-02 09:52:35,32.99,454,14977
2026-01-02 09:52:36,32.99,399,13163
2026-01-02 09:52:37,32.99,394,12998
2026-01-02 09:52:38,32.99,394,12998
2026-01-02 09:52:39,32.99,401,13229
2026-01-02 09:52:40,32.99,448,14780
2026-01-02 09:52:41,32.99,408,13460
2026-01-02 09:52:42,32.99,404,13328
2026-01-02 09:52:43,32.99,424,13988
2026-01-02 09:52:44,32.99,457,15076
2026-01-02 09:52:45,32.99,363,11975
2026-01-02 09:52:46,32.99,402,13262
2026-01-02 09:52:47,32.99,402,13262
2026-01-02 09:52:48,32.99,430,14186
2026-01-02 09:52:49,32.99,408,13460
2026-01-02 09:52:50,32.99,407,13427
2026-01-02 09:52:51,32.99,427,14087
2026-01-02 09:52:52,32.99,397,13097
2026-01-02 09:52:53,32.99,405,13361
2026-01-02 09:52:54,32.99,413,13625
2026-01-02 09:52:55,32.99,432,14252
2026-01-02 09:52:56,32.99,414,13658
2026-01-02 09:52:57,32.99,396,13064
2026-01-02 09:52:58,32.99,436,14384
2026-01-02 09:52:59,32.99,458,15109
2026-01-02 09:53:00,32.99,364,12008
2026-01-02 09:53:01,32.99,383,12635
2026-01-02 09:53:02,32.99,426,14054
2026-01-02 09:53:03,32.99,368,12140
2026-01-02 09:53:04,32.99,403,13295
2026-01-02 09:53:05,32.99,374,12338
2026-01-02 09:53:06,32.99,411,13559
2026-01-02 09:53:07,32.99,415,13691
2026-01-02 09:53:08,32.99,443,14615
2026-01-02 09:53:09,32.99,395,13031
2026-01-02 09:53:10,32.99,427,14087
2026-01-02 09:53:11,32.99,409,13493
2026-01-02 09:53:12,32.99,427,14087
2026-01-02 09:53:13,32.99,438,14450
2026-01-02 09:53:14,32.99,404,13328
2026-01-02 09:53:15,32.99,391,12899
2026-01-02 09:53:16,32.99,426,14054
2026-01-02 09:53:17,32.99,402,13262
2026-01-02 09:53:18,32.99,421,13889
2026-01-02 09:53:19,32.99,413,13625
2026-01-02 09:53:20,32.99,404,13328
2026-01-02 09:53:21,32.99,401,13229
2026-01-02 09:53:22,32.99,424,13988
2026-01-02 09:53:23,32.99,397,13097
2026-01-02 09:53:24,32.99,432,14252
2026-01-02 09:53:25,32.99,397,13097
2026-01-02 09:53:26,32.99,386,12734
2026-01-02 09:53:27,32.99,427,14087
2026-01-02 09:53:28,32.99,445,14681
2026-01-02 09:53:29,32.99,427,14087
2026-01-02 09:53:30,32.99,412,13592
2026-01-02 09:53:31,32.99,378,12470
2026-01-02 09:53:32,32.99,417,13757
2026-01-02 09:53:33,32.99,423,13955
2026-01-02 09:53:34,32.99,384,12668
2026-01-02 09:53:35,32.99,414,13658
2026-01-02 09:53:36,32.99,347,11448
2026-01-02 09:53:37,32.99,444,14648
2026-01-02 09:53:38,32.99,394,12998
2026-01-02 09:53:39,32.99,427,14087
2026-01-02 09:53:40,32.99,446,14714
2026-01-02 09:53:41,32.99,413,13625
2026-01-02 09:53:42,32.99,421,13889
2026-01-02 09:53:43,32.99,340,11217
2026-01-02 09:53:44,32.99,418,13790
2026-01-02 09:53:45,32.99,433,14285
2026-01-02 09:53:46,32.99,410,13526
2026-01-02 09:53:47,32.99,425,14021
2026-01-02 09:53:48,32.99,423,13955
2026-01-02 09:53:49,32.99,424,13988
2026-01-02 09:53:50,32.99,392,12932
2026-01-02 09:53:51,32.99,413,13625
2026-01-02 09:53:52,32.99,384,12668
2026-01-02 09:53:53,32.99,384,12668
2026-01-02 09:53:54,32.99,432,14252
2026-01-02 09:53:55,32.99,374,12338
2026-01-02 09:53:56,32.99,387,12767
2026-01-02 09:53:57,32.99,431,14219
2026-01-02 09:53:58,32.99,437,14417
2026-01-02 09:53:59,32.99,421,13889
2026-01-02 09:54:00,32.99,387,12767
2026-01-02 09:54:01,32.99,398,13130
2026-01-02 09:54:02,32.99,390,12866
2026-01-02 09:54:03,32.99,420,13856
2026-01-02 09:54:04,32.99,382,12602
2026-01-02 09:54:05,32.99,427,14087
2026-01-02 09:54:06,32.99,408,13460
2026-01-02 09:54:07,32.99,401,13229
2026-01-02 09:54:08,32.99,399,13163
2026-01-02 09:54:09,32.99,376,12404
2026-01-02 09:54:10,32.99,400,13196
2026-01-02 09:54:11,32.99,421,13889
2026-01-02 09:54:12,32.99,406,13394
2026-01-02 09:54:13,32.99,403,13295
2026-01-02 09:54:14,32.99,423,13955
2026-01-02 09:54:15,32.99,406,13394
2026-01-02 09:54:16,32.99,375,12371
2026-01-02 09:54:17,32.99,411,13559
2026-01-02 09:54:18,32.99,407,13427
2026-01-02 09:54:19,32.99,407,13427
2026-01-02 09:54:20,32.99,395,13031
2026-01-02 09:54:21,32.99,375,12371
2026-01-02 09:54:22,32.99,378,12470
2026-01-02 09:54:23,32.99,357,11777
2026-01-02 09:54:24,32.99,407,13427
2026-01-02 09:54:25,32.99,396,13064
2026-01-02 09:54:26,32.99,436,14384
2026-01-02 09:54:27,32.99,375,12371
2026-01-02 09:54:28,32.99,413,13625
2026-01-02 09:54:29,32.99,414,13658
2026-01-02 09:54:30,32.99,377,12437
2026-01-02 09:54:31,32.99,412,13592
2026-01-02 09:54:32,32.99,382,12602
2026-01-02 09:54:33,32.99,387,12767
2026-01-02 09:54:34,32.99,393,12965
2026-01-02 09:54:35,32.99,392,12932
2026-01-02 09:54:36,32.99,419,13823
2026-01-02 09:54:37,32.99,417,13757
2026-01-02 09:54:38,32.99,397,13097
2026-01-02 09:54:39,32.99,411,13559
2026-01-02 09:54:40,32.99,387,12767
2026-01-02 09:54:41,32.99,449,14813
2026-01-02 09:54:42,32.99,437,14417
2026-01-02 09:54:43,32.99,377,12437
2026-01-02 09:54:44,32.99,397,13097
2026-01-02 09:54:45,32.99,417,13757
2026-01-02 09:54:46,32.99,404,13328
2026-01-02 09:54:47,32.99,439,14483
2026-01-02 09:54:48,32.99,419,13823
2026-01-02 09:54:49,32.99,424,13988
2026-01-02 09:54:50,32.99,397,13097
2026-01-02 09:54:51,32.99,402,13262
2026-01-02 09:54:52,32.99,389,12833
2026-01-02 09:54:53,32.99,413,13625
2026-01-02 09:54:54,32.99,416,13724
2026-01-02 09:54:55,32.99,377,12437
2026-01-02 09:54:56,32.99,424,13988
2026-01-02 09:54:57,32.99,388,12800
2026-01-02 09:54:58,32.99,392,12932
2026-01-02 09:54:59,32.99,364,12008
2026-01-02 09:55:00,32.99,387,12767
2026-01-02 09:55:01,32.99,433,14285
2026-01-02 09:55:02,32.99,394,12998
2026-01-02 09:55:03,32.99,400,13196
2026-01-02 09:55:04,32.99,396,13064
2026-01-02 09:55:05,32.99,379,12503
2026-01-02 09:55:06,32.99,413,13625
2026-01-02 09:55:07,32.99,400,13196
2026-01-02 09:55:08,32.99,388,12800
2026-01-02 09:55:09,32.99,405,13361
2026-01-02 09:55:10,32.99,364,12008
2026-01-02 09:55:11,32.99,395,13031
2026-01-02 09:55:12,32.99,370,12206
2026-01-02 09:55:13,32.99,376,12404
2026-01-02 09:55:14,32.99,394,12998
2026-01-02 09:55:15,32.99,380,12536
2026-01-02 09:55:16,32.99,395,13031
2026-01-02 09:55:17,32.99,376,12404
2026-01-02 09:55:18,32.99,384,12668
2026-01-02 09:55:19,32.99,429,14153
2026-01-02 09:55:20,32.99,433,14285
2026-01-02 09:55:21,32.99,408,13460
2026-01-02 09:55:22,32.99,413,13625
2026-01-02 09:55:23,32.99,421,13889
2026-01-02 09:55:24,32.99,419,13823
2026-01-02 09:55:25,32.99,407,13427
2026-01-02 09:55:26,32.99,394,12998
2026-01-02 09:55:27,32.99,445,14681
2026-01-02 09:55:28,32.99,370,12206
2026-01-02 09:55:29,32.99,405,13361
2026-01-02 09:55:30,32.99,383,12635
2026-01-02 09:55:31,32.99,395,13031
2026-01-02 09:55:32,32.99,419,13823
2026-01-02 09:55:33,32.99,391,12899
2026-01-02 09:55:34,32.99,372,12272
2026-01-02 09:55:35,32.99,385,12701
2026-01-02 09:55:36,32.99,393,12965
2026-01-02 09:55:37,32.99,397,13097
2026-01-02 09:55:38,32.99,411,13559
2026-01-02 09:55:39,32.99,405,13361
2026-01-02 09:55:40,32.99,404,13328
2026-01-02 09:55:41,32.99,391,12899
2026-01-02 09:55:42,32.99,386,12734
2026-01-02 09:55:43,32.99,379,12503
2026-01-02 09:55:44,32.99,417,13757
2026-01-02 09:55:45,32.99,379,12503
2026-01-02 09:55:46,32.99,418,13790
2026-01-02 09:55:47,32.99,421,13889
2026-01-02 09:55:48,32.99,414,13658
2026-01-02 09:55:49,32.99,400,13196
2026-01-02 09:55:50,32.99,419,13823
2026-01-02 09:55:51,32.99,403,13295
2026-01-02 09:55:52,32.99,443,14615
2026-01-02 09:55:53,32.99,383,12635
2026-01-02 09:55:54,32.99,401,13229
2026-01-02 09:55:55,32.99,396,13064
2026-01-02 09:55:56,32.99,388,12800
2026-01-02 09:55:57,32.99,433,14285
2026-01-02 09:55:58,32.99,382,12602
2026-01-02 09:55:59,32.99,438,14450
2026-01-02 09:56:00,32.99,413,13625
2026-01-02 09:56:01,32.99,373,12305
2026-01-02 09:56:02,32.99,385,12701
2026-01-02 09:56:03,32.99,383,12635
2026-01-02 09:56:04,32.99,377,12437
2026-01-02 09:56:05,32.99,369,12173
2026-01-02 09:56:06,32.99,429,14153
2026-01-02 09:56:07,32.99,382,12602
2026-01-02 09:56:08,32.99,401,13229
2026-01-02 09:56:09,32.99,365,12041
2026-01-02 09:56:10,32.99,363,11975
2026-01-02 09:56:11,32.99,366,12074
2026-01-02 09:56:12,32.99,402,13262
2026-01-02 09:56:13,32.99,413,13625
2026-01-02 09:56:14,32.99,403,13295
2026-01-02 09:56:15,32.99,404,13328
2026-01-02 09:56:16,32.99,431,14219
2026-01-02 09:56:17,32.99,368,12140
2026-01-02 09:56:18,32.99,379,12503
2026-01-02 09:56:19,32.42,385,12482
2026-01-02 09:56:20,32.45,396,12850
2026-01-02 09:56:21,32.74,400,13096
2026-01-02 09:56:22,32.86,389,12783
2026-01-02 09:56:23,32.92,393,12938
2026-01-02 09:56:24,32.78,374,12260
2026-01-02 09:56:25,32.99,417,13757
2026-01-02 09:56:26,32.99,412,13592
2026-01-02 09:56:27,32.99,410,13526
2026-01-02 09:56:28,32.99,377,12437
2026-01-02 09:56:29,32.99,386,12734
2026-01-02 09:56:30,32.99,409,13493
2026-01-02 09:56:31,32.99,370,12206
2026-01-02 09:56:32,32.99,392,12932
2026-01-02 09:56:33,32.99,416,13724
2026-01-02 09:56:34,32.99,416,13724
2026-01-02 09:56:35,32.99,396,13064
2026-01-02 09:56:36,32.99,353,11645
2026-01-02 09:56:37,32.99,381,12569
2026-01-02 09:56:38,32.99,408,13460
2026-01-02 09:56:39,32.99,399,13163
2026-01-02 09:56:40,32.99,420,13856
2026-01-02 09:56:41,32.99,417,13757
2026-01-02 09:56:42,32.99,373,12305
2026-01-02 09:56:43,32.82,390,12800
2026-01-02 09:56:44,32.99,412,13592
2026-01-02 09:56:45,32.99,390,12866
2026-01-02 09:56:46,32.99,361,11909
2026-01-02 09:56:47,32.99,391,12899
2026-01-02 09:56:48,32.99,383,12635
2026-01-02 09:56:49,32.99,407,13427
2026-01-02 09:56:50,32.99,394,12998
2026-01-02 09:56:51,32.99,378,12470
2026-01-02 09:56:52,32.99,387,12767
2026-01-02 09:56:53,32.99,401,13229
2026-01-02 09:56:54,32.52,407,13236
2026-01-02 09:56:55,32.81,400,13124
2026-01-02 09:56:56,32.55,374,12174
2026-01-02 09:56:57,32.53,415,13500
2026-01-02 09:56:58,32.09,400,12836
2026-01-02 09:56:59,32.11,362,11624
2026-01-02 09:57:00,31.57,373,11776
2026-01-02 09:57:01,32.63,435,14194
2026-01-02 09:57:02,32.99,412,13592
2026-01-02 09:57:03,32.99,412,13592
2026-01-02 09:57:04,32.99,397,13097
2026-01-02 09:57:05,32.51,349,11346
2026-01-02 09:57:06,32.30,412,13308
2026-01-02 09:57:07,32.49,365,11859
2026-01-02 09:57:08,32.54,418,13602
2026-01-02 09:57:09,32.33,397,12835
2026-01-02 09:57:10,32.60,408,13301
2026-01-02 09:57:11,32.99,352,11612
2026-01-02 09:57:12,32.51,390,12679
2026-01-02 09:57:13,32.99,382,12602
2026-01-02 09:57:14,32.73,417,13648
2026-01-02 09:57:15,32.99,399,13163
2026-01-02 09:57:16,32.99,400,13196
2026-01-02 09:57:17,32.99,393,12965
2026-01-02 09:57:18,32.91,393,12934
2026-01-02 09:57:19,32.99,386,12734
2026-01-02 09:57:20,32.99,397,13097
2026-01-02 09:57:21,32.99,398,13130
2026-01-02 09:57:22,32.99,399,13163
2026-01-02 09:57:23,32.99,386,12734
2026-01-02 09:57:24,32.99,386,12734
2026-01-02 09:57:25,32.99,406,13394
2026-01-02 09:57:26,32.99,393,12965
2026-01-02 09:57:27,32.99,377,12437
2026-01-02 09:57:28,32.99,375,12371
2026-01-02 09:57:29,32.99,414,13658
2026-01-02 09:57:30,32.99,412,13592
2026-01-02 09:57:31,32.99,426,14054
2026-01-02 09:57:32,32.99,406,13394
2026-01-02 09:57:33,32.51,394,12809
2026-01-02 09:57:34,32.19,392,12618
2026-01-02 09:57:35,32.31,405,13086
2026-01-02 09:57:36,32.27,398,12843
2026-01-02 09:57:37,32.53,386,12557
2026-01-02 09:57:38,32.84,358,11757
2026-01-02 09:57:39,32.52,395,12845
2026-01-02 09:57:40,32.58,372,12120
2026-01-02 09:57:41,31.99,409,13084
2026-01-02 09:57:42,31.51,411,12951
2026-01-02 09:57:43,31.50,370,11655
2026-01-02 09:57:44,31.29,368,11515
2026-01-02 09:57:45,31.63,403,12747
2026-01-02 09:57:46,31.62,419,13249
2026-01-02 09:57:47,32.05,431,13814
2026-01-02 09:57:48,32.73,389,12732
2026-01-02 09:57:49,32.69,393,12847
2026-01-02 09:57:50,32.41,378,12251
2026-01-02 09:57:51,32.51,372,12094
2026-01-02 09:57:52,32.52,397,12910
2026-01-02 09:57:53,32.99,394,12998
2026-01-02 09:57:54,32.98,378,12466
2026-01-02 09:57:55,32.99,393,12965
2026-01-02 09:57:56,32.99,438,14450
2026-01-02 09:57:57,32.99,388,12800
2026-01-02 09:57:58,32.99,371,12239
2026-01-02 09:57:59,32.99,393,12965
2026-01-02 09:58:00,32.99,388,12800
2026-01-02 09:58:01,32.99,370,12206
2026-01-02 09:58:02,32.99,391,12899
2026-01-02 09:58:03,32.99,400,13196
2026-01-02 09:58:04,32.99,388,12800
2026-01-02 09:58:05,32.99,407,13427
2026-01-02 09:58:06,32.99,387,12767
2026-01-02 09:58:07,32.76,360,11794
2026-01-02 09:58:08,32.38,409,13243
2026-01-02 09:58:09,32.41,382,12381
2026-01-02 09:58:10,32.85,389,12779
2026-01-02 09:58:11,32.62,365,11906
2026-01-02 09:58:12,32.25,393,12674
2026-01-02 09:58:13,32.73,396,12961
2026-01-02 09:58:14,32.82,403,13226
2026-01-02 09:58:15,32.99,333,10986
2026-01-02 09:58:16,32.99,395,13031
2026-01-02 09:58:17,32.93,406,13370
2026-01-02 09:58:18,32.99,360,11876
2026-01-02 09:58:19,32.99,386,12734
2026-01-02 09:58:20,32.81,399,13091
2026-01-02 09:58:21,31.88,439,13995
2026-01-02 09:58:22,31.75,366,11620
2026-01-02 09:58:23,31.10,397,12347
2026-01-02 09:58:24,30.94,414,12809
2026-01-02 09:58:25,31.52,354,11158
2026-01-02 09:58:26,31.44,400,12576
2026-01-02 09:58:27,31.66,386,12221
2026-01-02 09:58:28,31.52,364,11473
2026-01-02 09:58:29,31.83,427,13591
2026-01-02 09:58:30,32.36,330,10679
2026-01-02 09:58:31,32.14,417,13402
2026-01-02 09:58:32,31.82,403,12823
2026-01-02 09:58:33,31.70,403,12775
2026-01-02 09:58:34,32.18,399,12840
2026-01-02 09:58:35,32.33,398,12867
2026-01-02 09:58:36,32.18,394,12679
2026-01-02 09:58:37,32.71,383,12528
2026-01-02 09:58:38,32.45,416,13499
2026-01-02 09:58:39,32.31,370,11955
2026-01-02 09:58:40,31.75,383,12160
2026-01-02 09:58:41,31.47,353,11109
2026-01-02 09:58:42,31.50,428,13482
2026-01-02 09:58:43,31.93,405,12932
2026-01-02 09:58:44,31.46,406,12773
2026-01-02 09:58:45,31.04,423,13130
2026-01-02 09:58:46,30.83,377,11623
2026-01-02 09:58:47,30.83,400,12332
2026-01-02 09:58:48,30.83,397,12240
2026-01-02 09:58:49,30.83,385,11870
2026-01-02 09:58:50,30.83,386,11900
2026-01-02 09:58:51,30.83,369,11376
2026-01-02 09:58:52,30.83,388,11962
2026-01-02 09:58:53,30.83,382,11777
2026-01-02 09:58:54,30.83,368,11345
2026-01-02 09:58:55,30.83,394,12147
2026-01-02 09:58:56,30.83,376,11592
2026-01-02 09:58:57,30.83,391,12055
2026-01-02 09:58:58,30.83,392,12085
2026-01-02 09:58:59,30.83,384,11839
2026-01-02 09:59:00,30.83,375,11561
2026-01-02 09:59:01,30.83,372,11469
2026-01-02 09:59:02,30.83,365,11253
2026-01-02 09:59:03,30.83,415,12794
2026-01-02 09:59:04,30.83,359,11068
2026-01-02 09:59:05,30.83,380,11715
2026-01-02 09:59:06,30.83,428,13195
2026-01-02 09:59:07,30.83,364,11222
2026-01-02 09:59:08,30.83,367,11315
2026-01-02 09:59:09,30.83,393,12116
2026-01-02 09:59:10,30.83,381,11746
2026-01-02 09:59:11,30.83,390,12024
2026-01-02 09:59:12,30.83,416,12825
2026-01-02 09:59:13,30.83,362,11160
2026-01-02 09:59:14,30.83,441,13596
2026-01-02 09:59:15,30.83,388,11962
2026-01-02 09:59:16,30.83,389,11993
2026-01-02 09:59:17,30.83,409,12609
2026-01-02 09:59:18,30.83,379,11685
2026-01-02 09:59:19,30.83,395,12178
2026-01-02 09:59:20,30.83,377,11623
2026-01-02 09:59:21,30.83,393,12116
2026-01-02 09:59:22,30.83,395,12178
2026-01-02 09:59:23,30.83,406,12517
2026-01-02 09:59:24,30.83,397,12240
2026-01-02 09:59:25,30.83,394,12147
2026-01-02 09:59:26,30.83,397,12240
2026-01-02 09:59:27,30.83,398,12270
2026-01-02 09:59:28,30.83,370,11407
2026-01-02 09:59:29,30.83,405,12486
2026-01-02 09:59:30,30.83,411,12671
2026-01-02 09:59:31,30.83,373,11500
2026-01-02 09:59:32,30.83,367,11315
2026-01-02 09:59:33,30.83,328,10112
2026-01-02 09:59:34,30.83,367,11315
2026-01-02 09:59:35,30.83,361,11130
2026-01-02 09:59:36,30.83,387,11931
2026-01-02 09:59:37,30.83,367,11315
2026-01-02 09:59:38,30.83,427,13164
2026-01-02 09:59:39,30.83,380,11715
2026-01-02 09:59:40,30.83,363,11191
2026-01-02 09:59:41,30.83,381,11746
2026-01-02 09:59:42,30.83,363,11191
2026-01-02 09:59:43,30.83,380,11715
2026-01-02 09:59:44,30.83,373,11500
2026-01-02 09:59:45,30.83,384,11839
2026-01-02 09:59:46,30.83,380,11715
2026-01-02 09:59:47,30.83,358,11037
2026-01-02 09:59:48,30.83,387,11931
2026-01-02 09:59:49,30.83,413,12733
2026-01-02 09:59:50,30.83,362,11160
2026-01-02 09:59:51,30.83,388,11962
2026-01-02 09:59:52,30.83,401,12363
2026-01-02 09:59:53,30.83,366,11284
2026-01-02 09:59:54,30.83,392,12085
2026-01-02 09:59:55,30.83,362,11160
2026-01-02 09:59:56,30.83,423,13041
2026-01-02 09:59:57,30.83,390,12024
2026-01-02 09:59:58,30.83,385,11870
2026-01-02 09:59:59,30.83,357,11006
2026-01-02 10:00:00,30.83,336,10359
2026-01-02 10:00:01,30.83,379,11685
2026-01-02 10:00:02,30.83,404,12455
2026-01-02 10:00:03,30.83,392,12085
2026-01-02 10:00:04,30.83,426,13134
2026-01-02 10:00:05,30.83,402,12394
2026-01-02 10:00:06,30.83,385,11870
2026-01-02 10:00:07,30.83,359,11068
2026-01-02 10:00:08,30.83,381,11746
2026-01-02 10:00:09,30.83,377,11623
2026-01-02 10:00:10,30.83,370,11407
2026-01-02 10:00:11,30.83,397,12240
2026-01-02 10:00:12,30.83,381,11746
2026-01-02 10:00:13,30.83,405,12486
2026-01-02 10:00:14,30.83,379,11685
2026-01-02 10:00:15,30.83,384,11839
2026-01-02 10:00:16,30.83,375,11561
2026-01-02 10:00:17,30.83,419,12918
2026-01-02 10:00:18,30.83,367,11315
2026-01-02 10:00:19,30.83,376,11592
2026-01-02 10:00:20,30.83,361,11130
2026-01-02 10:00:21,30.83,379,11685
2026-01-02 10:00:22,30.83,384,11839
2026-01-02 10:00:23,30.83,401,12363
2026-01-02 10:00:24,30.83,399,12301
2026-01-02 10:00:25,30.83,395,12178
2026-01-02 10:00:26,30.83,367,11315
2026-01-02 10:00:27,30.83,426,13134
2026-01-02 10:00:28,30.83,373,11500
2026-01-02 10:00:29,30.83,345,10636
2026-01-02 10:00:30,30.83,342,10544
2026-01-02 10:00:31,30.83,393,12116
2026-01-02 10:00:32,30.83,386,11900
2026-01-02 10:00:33,30.83,404,12455
2026-01-02 10:00:34,30.83,365,11253
2026-01-02 10:00:35,30.83,375,11561
2026-01-02 10:00:36,30.83,430,13257
2026-01-02 10:00:37,30.83,359,11068
2026-01-02 10:00:38,30.83,382,11777
2026-01-02 10:00:39,30.83,400,12332
2026-01-02 10:00:40,31.13,377,11736
2026-01-02 10:00:41,30.83,378,11654
2026-01-02 10:00:42,30.83,370,11407
2026-01-02 10:00:43,30.83,360,11099
2026-01-02 10:00:44,30.83,351,10821
2026-01-02 10:00:45,30.83,354,10914
2026-01-02 10:00:46,30.83,433,13349
2026-01-02 10:00:47,30.83,372,11469
2026-01-02 10:00:48,30.83,342,10544
2026-01-02 10:00:49,30.83,372,11469
2026-01-02 10:00:50,30.83,393,12116
2026-01-02 10:00:51,30.83,369,11376
2026-01-02 10:00:52,30.83,354,10914
2026-01-02 10:00:53,30.83,391,12055
2026-01-02 10:00:54,30.83,391,12055
2026-01-02 10:00:55,30.83,389,11993
2026-01-02 10:00:56,30.83,397,12240
2026-01-02 10:00:57,30.83,409,12609
2026-01-02 10:00:58,30.83,347,10698
2026-01-02 10:00:59,30.83,370,11407
2026-01-02 10:01:00,30.83,369,11376
2026-01-02 10:01:01,30.83,418,12887
2026-01-02 10:01:02,30.83,357,11006
2026-01-02 10:01:03,30.83,373,11500
2026-01-02 10:01:04,30.83,369,11376
2026-01-02 10:01:05,30.83,390,12024
2026-01-02 10:01:06,30.83,413,12733
2026-01-02 10:01:07,30.83,403,12424
2026-01-02 10:01:08,30.83,399,12301
2026-01-02 10:01:09,30.83,424,13072
2026-01-02 10:01:10,30.83,381,11746
2026-01-02 10:01:11,30.83,405,12486
2026-01-02 10:01:12,30.83,381,11746
2026-01-02 10:01:13,30.83,383,11808
2026-01-02 10:01:14,30.83,374,11530
2026-01-02 10:01:15,30.83,418,12887
2026-01-02 10:01:16,30.83,386,11900
2026-01-02 10:01:17,30.83,383,11808
2026-01-02 10:01:18,30.83,388,11962
2026-01-02 10:01:19,30.83,403,12424
2026-01-02 10:01:20,30.83,405,12486
2026-01-02 10:01:21,30.83,376,11592
2026-01-02 10:01:22,30.83,337,10390
2026-01-02 10:01:23,30.83,392,12085
2026-01-02 10:01:24,30.83,345,10636
2026-01-02 10:01:25,30.83,416,12825
2026-01-02 10:01:26,30.83,359,11068
2026-01-02 10:01:27,30.83,392,12085
2026-01-02 10:01:28,30.83,391,12055
2026-01-02 10:01:29,30.83,377,11623
2026-01-02 10:01:30,30.83,349,10760
2026-01-02 10:01:31,30.83,403,12424
2026-01-02 10:01:32,30.83,368,11345
2026-01-02 10:01:33,30.83,390,12024
2026-01-02 10:01:34,30.83,335,10328
2026-01-02 10:01:35,30.83,354,10914
2026-01-02 10:01:36,31.06,403,12517
2026-01-02 10:01:37,31.00,373,11563
2026-01-02 10:01:38,31.01,383,11877
2026-01-02 10:01:39,30.86,342,10554
2026-01-02 10:01:40,30.83,402,12394
2026-01-02 10:01:41,30.83,390,12024
2026-01-02 10:01:42,30.83,391,12055
2026-01-02 10:01:43,30.83,380,11715
2026-01-02 10:01:44,30.83,344,10606
2026-01-02 10:01:45,30.83,384,11839
2026-01-02 10:01:46,30.83,387,11931
2026-01-02 10:01:47,30.83,373,11500
2026-01-02 10:01:48,30.83,368,11345
2026-01-02 10:01:49,30.83,338,10421
2026-01-02 10:01:50,30.83,388,11962
2026-01-02 10:01:51,30.83,356,10975
2026-01-02 10:01:52,30.83,370,11407
2026-01-02 10:01:53,30.83,373,11500
2026-01-02 10:01:54,30.83,382,11777
2026-01-02 10:01:55,30.83,373,11500
2026-01-02 10:01:56,30.83,354,10914
2026-01-02 10:01:57,30.83,390,12024
2026-01-02 10:01:58,30.83,394,12147
2026-01-02 10:01:59,30.83,370,11407
2026-01-02 10:02:00,30.83,394,12147
2026-01-02 10:02:01,30.83,372,11469
2026-01-02 10:02:02,31.19,388,12102
2026-01-02 10:02:03,31.20,369,11513
2026-01-02 10:02:04,31.01,421,13055
2026-01-02 10:02:05,30.83,377,11623
2026-01-02 10:02:06,31.04,412,12788
2026-01-02 10:02:07,30.83,377,11623
2026-01-02 10:02:08,31.17,371,11564
2026-01-02 10:02:09,31.39,335,10516
2026-01-02 10:02:10,31.79,388,12335
2026-01-02 10:02:11,32.11,399,12812
2026-01-02 10:02:12,32.74,408,13358
2026-01-02 10:02:13,32.44,388,12587
2026-01-02 10:02:14,32.61,359,11707
2026-01-02 10:02:15,32.28,366,11814
2026-01-02 10:02:16,32.47,385,12501
2026-01-02 10:02:17,32.61,365,11903
2026-01-02 10:02:18,32.60,359,11703
2026-01-02 10:02:19,32.50,387,12578
2026-01-02 10:02:20,32.44,377,12230
2026-01-02 10:02:21,32.68,380,12418
2026-01-02 10:02:22,32.86,381,12520
2026-01-02 10:02:23,32.99,356,11744
2026-01-02 10:02:24,32.99,365,12041
2026-01-02 10:02:25,32.99,392,12932
2026-01-02 10:02:26,32.61,377,12294
2026-01-02 10:02:27,32.38,383,12402
2026-01-02 10:02:28,32.09,396,12708
2026-01-02 10:02:29,32.01,372,11908
2026-01-02 10:02:30,32.17,364,11710
2026-01-02 10:02:31,31.74,400,12696
2026-01-02 10:02:32,32.17,388,12482
2026-01-02 10:02:33,32.06,380,12183
2026-01-02 10:02:34,31.61,388,12265
2026-01-02 10:02:35,31.55,405,12778
2026-01-02 10:02:36,31.35,391,12258
2026-01-02 10:02:37,31.12,337,10487
2026-01-02 10:02:38,31.28,365,11417
2026-01-02 10:02:39,31.07,412,12801
2026-01-02 10:02:40,30.87,415,12811
2026-01-02 10:02:41,30.83,379,11685
2026-01-02 10:02:42,30.83,374,11530
2026-01-02 10:02:43,30.83,363,11191
2026-01-02 10:02:44,30.83,350,10790
2026-01-02 10:02:45,30.83,386,11900
2026-01-02 10:02:46,30.83,393,12116
2026-01-02 10:02:47,30.83,353,10883
2026-01-02 10:02:48,30.83,389,11993
2026-01-02 10:02:49,30.83,379,11685
2026-01-02 10:02:50,30.83,366,11284
2026-01-02 10:02:51,30.83,362,11160
2026-01-02 10:02:52,30.83,414,12764
2026-01-02 10:02:53,30.83,360,11099
2026-01-02 10:02:54,30.83,359,11068
2026-01-02 10:02:55,30.83,396,12209
2026-01-02 10:02:56,30.83,313,9650
2026-01-02 10:02:57,30.83,331,10205
2026-01-02 10:02:58,30.83,381,11746
2026-01-02 10:02:59,30.83,409,12609
2026-01-02 10:03:00,30.83,370,11407
2026-01-02 10:03:01,30.83,351,10821
2026-01-02 10:03:02,30.83,389,11993
2026-01-02 10:03:03,30.83,376,11592
2026-01-02 10:03:04,30.83,383,11808
2026-01-02 10:03:05,30.83,364,11222
2026-01-02 10:03:06,30.83,372,11469
2026-01-02 10:03:07,30.83,395,12178
2026-01-02 10:03:08,30.83,345,10636
2026-01-02 10:03:09,30.83,369,11376
2026-01-02 10:03:10,30.83,360,11099
2026-01-02 10:03:11,30.83,377,11623
2026-01-02 10:03:12,30.83,355,10945
2026-01-02 10:03:13,30.83,373,11500
2026-01-02 10:03:14,30.83,395,12178
2026-01-02 10:03:15,30.83,375,11561
2026-01-02 10:03:16,30.83,380,11715
2026-01-02 10:03:17,30.83,325,10020
2026-01-02 10:03:18,30.83,380,11715
2026-01-02 10:03:19,30.83,364,11222
2026-01-02 10:03:20,30.83,344,10606
2026-01-02 10:03:21,30.83,362,11160
2026-01-02 10:03:22,30.83,376,11592
2026-01-02 10:03:23,30.83,401,12363
2026-01-02 10:03:24,30.83,345,10636
2026-01-02 10:03:25,30.83,359,11068
2026-01-02 10:03:26,30.83,385,11870
2026-01-02 10:03:27,30.83,376,11592
2026-01-02 10:03:28,30.83,378,11654
2026-01-02 10:03:29,30.83,357,11006
2026-01-02 10:03:30,30.83,368,11345
2026-01-02 10:03:31,30.83,384,11839
2026-01-02 10:03:32,30.83,401,12363
2026-01-02 10:03:33,30.83,385,11870
2026-01-02 10:03:34,30.83,352,10852
2026-01-02 10:03:35,30.83,371,11438
2026-01-02 10:03:36,30.83,389,11993
2026-01-02 10:03:37,30.83,386,11900
2026-01-02 10:03:38,30.83,349,10760
2026-01-02 10:03:39,30.83,360,11099
2026-01-02 10:03:40,30.83,363,11191
2026-01-02 10:03:41,30.83,374,11530
2026-01-02 10:03:42,30.83,372,11469
2026-01-02 10:03:43,30.83,375,11561
2026-01-02 10:03:44,30.83,386,11900
2026-01-02 10:03:45,30.83,347,10698
2026-01-02 10:03:46,30.83,370,11407
2026-01-02 10:03:47,30.83,385,11870
2026-01-02 10:03:48,30.83,338,10421
2026-01-02 10:03:49,30.83,380,11715
2026-01-02 10:03:50,30.83,379,11685
2026-01-02 10:03:51,30.83,384,11839
2026-01-02 10:03:52,30.83,364,11222
2026-01-02 10:03:53,30.83,373,11500
2026-01-02 10:03:54,30.83,339,10451
2026-01-02 10:03:55,30.83,383,11808
2026-01-02 10:03:56,30.83,375,11561
2026-01-02 10:03:57,30.83,341,10513
2026-01-02 10:03:58,30.83,377,11623
2026-01-02 10:03:59,30.83,378,11654
2026-01-02 10:04:00,30.83,372,11469
2026-01-02 10:04:01,30.83,355,10945
2026-01-02 10:04:02,30.83,373,11500
2026-01-02 10:04:03,30.83,379,11685
2026-01-02 10:04:04,30.83,402,12394
2026-01-02 10:04:05,30.83,357,11006
2026-01-02 10:04:06,30.83,380,11715
2026-01-02 10:04:07,30.83,378,11654
2026-01-02 10:04:08,30.83,350,10790
2026-01-02 10:04:09,30.83,379,11685
2026-01-02 10:04:10,30.83,368,11345
2026-01-02 10:04:11,30.83,364,11222
2026-01-02 10:04:12,30.83,381,11746
2026-01-02 10:04:13,30.83,383,11808
2026-01-02 10:04:14,30.83,380,11715
2026-01-02 10:04:15,30.83,378,11654
2026-01-02 10:04:16,30.83,391,12055
2026-01-02 10:04:17,30.83,381,11746
2026-01-02 10:04:18,30.83,372,11469
2026-01-02 10:04:19,30.83,377,11623
2026-01-02 10:04:20,30.83,396,12209
2026-01-02 10:04:21,30.83,350,10790
2026-01-02 10:04:22,30.83,343,10575
2026-01-02 10:04:23,30.83,342,10544
2026-01-02 10:04:24,30.83,412,12702
2026-01-02 10:04:25,30.83,358,11037
2026-01-02 10:04:26,30.83,393,12116
2026-01-02 10:04:27,30.83,347,10698
2026-01-02 10:04:28,30.83,363,11191
2026-01-02 10:04:29,30.83,360,11099
2026-01-02 10:04:30,30.83,333,10266
2026-01-02 10:04:31,30.83,370,11407
2026-01-02 10:04:32,30.83,343,10575
2026-01-02 10:04:33,30.83,350,10790
2026-01-02 10:04:34,30.83,375,11561
2026-01-02 10:04:35,30.83,359,11068
2026-01-02 10:04:36,30.83,387,11931
2026-01-02 10:04:37,30.83,365,11253
2026-01-02 10:04:38,30.83,370,11407
2026-01-02 10:04:39,30.83,363,11191
2026-01-02 10:04:40,30.83,363,11191
2026-01-02 10:04:41,30.83,368,11345
2026-01-02 10:04:42,30.83,377,11623
2026-01-02 10:04:43,30.83,375,11561
2026-01-02 10:04:44,30.83,341,10513
2026-01-02 10:04:45,30.83,352,10852
2026-01-02 10:04:46,30.83,370,11407
2026-01-02 10:04:47,30.83,400,12332
2026-01-02 10:04:48,30.83,369,11376
2026-01-02 10:04:49,30.83,344,10606
2026-01-02 10:04:50,30.83,372,11469
2026-01-02 10:04:51,30.83,312,9619
2026-01-02 10:04:52,30.83,319,9835
2026-01-02 10:04:53,30.83,336,10359
2026-01-02 10:04:54,30.83,343,10575
2026-01-02 10:04:55,30.83,376,11592
2026-01-02 10:04:56,30.83,401,12363
2026-01-02 10:04:57,30.83,347,10698
2026-01-02 10:04:58,30.83,353,10883
2026-01-02 10:04:59,30.83,325,10020
2026-01-02 10:05:00,30.83,363,11191
2026-01-02 10:05:01,30.83,371,11438
2026-01-02 10:05:02,30.83,374,11530
2026-01-02 10:05:03,30.83,365,11253
2026-01-02 10:05:04,30.83,336,10359
2026-01-02 10:05:05,30.83,379,11685
2026-01-02 10:05:06,30.83,362,11160
2026-01-02 10:05:07,30.83,347,10698
2026-01-02 10:05:08,30.83,354,10914
2026-01-02 10:05:09,30.83,407,12548
2026-01-02 10:05:10,30.83,361,11130
2026-01-02 10:05:11,30.83,368,11345
2026-01-02 10:05:12,30.83,349,10760
2026-01-02 10:05:13,30.83,355,10945
2026-01-02 10:05:14,30.83,391,12055
2026-01-02 10:05:15,30.83,371,11438
2026-01-02 10:05:16,30.83,378,11654
2026-01-02 10:05:17,30.83,349,10760
2026-01-02 10:05:18,30.83,342,10544
2026-01-02 10:05:19,30.83,354,10914
2026-01-02 10:05:20,30.83,353,10883
2026-01-02 10:05:21,30.83,361,11130
2026-01-02 10:05:22,30.83,349,10760
2026-01-02 10:05:23,30.83,351,10821
2026-01-02 10:05:24,30.83,341,10513
2026-01-02 10:05:25,30.83,352,10852
2026-01-02 10:05:26,30.83,363,11191
2026-01-02 10:05:27,30.83,351,10821
2026-01-02 10:05:28,30.83,358,11037
2026-01-02 10:05:29,30.83,364,11222
2026-01-02 10:05:30,30.83,340,10482
2026-01-02 10:05:31,30.83,348,10729
2026-01-02 10:05:32,30.83,335,10328
2026-01-02 10:05:33,30.83,360,11099
2026-01-02 10:05:34,30.83,326,10051
2026-01-02 10:05:35,30.83,348,10729
2026-01-02 10:05:36,30.83,364,11222
2026-01-02 10:05:37,30.83,345,10636
2026-01-02 10:05:38,30.83,369,11376
2026-01-02 10:05:39,30.83,370,11407
2026-01-02 10:05:40,30.83,362,11160
2026-01-02 10:05:41,30.83,355,10945
2026-01-02 10:05:42,30.83,366,11284
2026-01-02 10:05:43,30.83,415,12794
2026-01-02 10:05:44,30.83,353,10883
2026-01-02 10:05:45,30.83,363,11191
2026-01-02 10:05:46,30.83,370,11407
2026-01-02 10:05:47,30.83,383,11808
2026-01-02 10:05:48,30.83,386,11900
2026-01-02 10:05:49,30.83,325,10020
2026-01-02 10:05:50,30.83,353,10883
2026-01-02 10:05:51,30.83,380,11715
2026-01-02 10:05:52,30.83,382,11777
2026-01-02 10:05:53,30.83,381,11746
2026-01-02 10:05:54,30.83,322,9927
2026-01-02 10:05:55,30.83,336,10359
2026-01-02 10:05:56,30.83,336,10359
2026-01-02 10:05:57,30.83,344,10606
2026-01-02 10:05:58,30.83,363,11191
2026-01-02 10:05:59,30.83,387,11931
2026-01-02 10:06:00,30.83,354,10914
2026-01-02 10:06:01,30.83,368,11345
2026-01-02 10:06:02,30.83,378,11654
2026-01-02 10:06:03,30.83,387,11931
2026-01-02 10:06:04,30.83,354,10914
2026-01-02 10:06:05,30.83,390,12024
2026-01-02 10:06:06,30.83,356,10975
2026-01-02 10:06:07,30.83,316,9742
2026-01-02 10:06:08,30.83,345,10636
2026-01-02 10:06:09,30.83,353,10883
2026-01-02 10:06:10,30.83,392,12085
2026-01-02 10:06:11,30.83,342,10544
2026-01-02 10:06:12,30.83,364,11222
2026-01-02 10:06:13,30.83,353,10883
2026-01-02 10:06:14,30.83,356,10975
2026-01-02 10:06:15,30.83,338,10421
2026-01-02 10:06:16,30.83,375,11561
2026-01-02 10:06:17,30.83,338,10421
2026-01-02 10:06:18,30.83,343,10575
2026-01-02 10:06:19,30.83,368,11345
2026-01-02 10:06:20,30.83,386,11900
2026-01-02 10:06:21,30.83,361,11130
2026-01-02 10:06:22,30.83,346,10667
2026-01-02 10:06:23,30.92,392,12121
2026-01-02 10:06:24,31.28,353,11042
2026-01-02 10:06:25,31.38,353,11077
2026-01-02 10:06:26,31.62,377,11921
2026-01-02 10:06:27,31.91,359,11456
2026-01-02 10:06:28,32.10,357,11460
2026-01-02 10:06:29,32.26,353,11388
2026-01-02 10:06:30,32.13,344,11053
2026-01-02 10:06:31,32.11,366,11752
2026-01-02 10:06:32,32.65,349,11395
2026-01-02 10:06:33,32.81,364,11943
2026-01-02 10:06:34,32.99,371,12239
2026-01-02 10:06:35,32.99,335,11052
2026-01-02 10:06:36,32.99,338,11151
2026-01-02 10:06:37,32.99,359,11843
2026-01-02 10:06:38,32.99,352,11612
2026-01-02 10:06:39,32.99,349,11514
2026-01-02 10:06:40,32.99,349,11514
2026-01-02 10:06:41,32.99,360,11876
2026-01-02 10:06:42,32.99,376,12404
2026-01-02 10:06:43,32.99,367,12107
2026-01-02 10:06:44,32.99,331,10920
2026-01-02 10:06:45,32.99,313,10326
2026-01-02 10:06:46,32.99,374,12338
2026-01-02 10:06:47,32.99,361,11909
2026-01-02 10:06:48,32.99,357,11777
2026-01-02 10:06:49,32.99,350,11546
2026-01-02 10:06:50,32.99,341,11250
2026-01-02 10:06:51,32.99,374,12338
2026-01-02 10:06:52,32.99,337,11118
2026-01-02 10:06:53,32.99,350,11546
2026-01-02 10:06:54,32.99,379,12503
2026-01-02 10:06:55,32.99,329,10854
2026-01-02 10:06:56,32.99,369,12173
2026-01-02 10:06:57,32.99,369,12173
2026-01-02 10:06:58,32.99,363,11975
2026-01-02 10:06:59,32.99,338,11151
2026-01-02 10:07:00,32.99,362,11942
2026-01-02 10:07:01,32.99,390,12866
2026-01-02 10:07:02,32.99,403,13295
2026-01-02 10:07:03,32.99,382,12602
2026-01-02 10:07:04,32.99,370,12206
2026-01-02 10:07:05,32.85,353,11596
2026-01-02 10:07:06,32.50,370,12025
2026-01-02 10:07:07,32.06,358,11477
2026-01-02 10:07:08,32.15,407,13085
2026-01-02 10:07:09,31.96,344,10994
2026-01-02 10:07:10,31.83,366,11650
2026-01-02 10:07:11,31.79,352,11190
2026-01-02 10:07:12,31.98,358,11449
2026-01-02 10:07:13,32.08,349,11196
2026-01-02 10:07:14,31.49,385,12124
2026-01-02 10:07:15,31.85,380,12103
2026-01-02 10:07:16,31.80,348,11066
2026-01-02 10:07:17,31.40,323,10142
2026-01-02 10:07:18,31.68,317,10043
2026-01-02 10:07:19,31.36,389,12199
2026-01-02 10:07:20,31.39,377,11834
2026-01-02 10:07:21,31.69,376,11915
2026-01-02 10:07:22,31.78,358,11377
2026-01-02 10:07:23,31.77,355,11278
2026-01-02 10:07:24,31.22,371,11583
2026-01-02 10:07:25,31.53,356,11225
2026-01-02 10:07:26,31.24,363,11340
2026-01-02 10:07:27,31.06,356,11057
2026-01-02 10:07:28,30.99,339,10506
2026-01-02 10:07:29,30.83,345,10636
2026-01-02 10:07:30,30.83,362,11160
2026-01-02 10:07:31,30.90,357,11031
2026-01-02 10:07:32,30.92,390,12059
2026-01-02 10:07:33,30.83,359,11068
2026-01-02 10:07:34,30.83,352,10852
2026-01-02 10:07:35,30.83,377,11623
2026-01-02 10:07:36,30.83,369,11376
2026-01-02 10:07:37,30.83,360,11099
2026-01-02 10:07:38,30.83,377,11623
2026-01-02 10:07:39,30.83,337,10390
2026-01-02 10:07:40,30.83,344,10606
2026-01-02 10:07:41,30.83,340,10482
2026-01-02 10:07:42,30.83,361,11130
2026-01-02 10:07:43,30.83,349,10760
2026-01-02 10:07:44,30.83,325,10020
2026-01-02 10:07:45,30.83,373,11500
2026-01-02 10:07:46,30.83,341,10513
2026-01-02 10:07:47,30.83,338,10421
2026-01-02 10:07:48,30.83,329,10143
2026-01-02 10:07:49,30.83,344,10606
2026-01-02 10:07:50,30.83,369,11376
2026-01-02 10:07:51,30.83,322,9927
2026-01-02 10:07:52,30.83,331,10205
2026-01-02 10:07:53,30.83,344,10606
2026-01-02 10:07:54,30.83,353,10883
2026-01-02 10:07:55,30.83,370,11407
2026-01-02 10:07:56,30.83,299,9218
2026-01-02 10:07:57,30.83,320,9866
2026-01-02 10:07:58,30.83,342,10544
2026-01-02 10:07:59,30.83,358,11037
2026-01-02 10:08:00,31.01,348,10791
2026-01-02 10:08:01,31.20,385,12012
2026-01-02 10:08:02,31.87,409,13035
2026-01-02 10:08:03,32.05,321,10288
2026-01-02 10:08:04,32.57,379,12344
2026-01-02 10:08:05,31.90,325,10368
2026-01-02 10:08:06,31.56,348,10983
2026-01-02 10:08:07,31.27,400,12508
2026-01-02 10:08:08,31.31,375,11741
2026-01-02 10:08:09,31.13,344,10709
2026-01-02 10:08:10,30.83,379,11685
2026-01-02 10:08:11,30.83,325,10020
2026-01-02 10:08:12,30.83,350,10790
2026-01-02 10:08:13,31.03,377,11698
2026-01-02 10:08:14,31.20,337,10514
2026-01-02 10:08:15,31.91,393,12541
2026-01-02 10:08:16,31.76,349,11084
2026-01-02 10:08:17,31.81,375,11929
2026-01-02 10:08:18,31.70,340,10778
2026-01-02 10:08:19,31.57,341,10765
2026-01-02 10:08:20,31.06,360,11182
2026-01-02 10:08:21,30.83,367,11315
2026-01-02 10:08:22,30.83,363,11191
2026-01-02 10:08:23,30.83,368,11345
2026-01-02 10:08:24,30.83,386,11900
2026-01-02 10:08:25,30.83,331,10205
2026-01-02 10:08:26,30.83,339,10451
2026-01-02 10:08:27,30.83,373,11500
2026-01-02 10:08:28,30.83,366,11284
2026-01-02 10:08:29,30.83,351,10821
2026-01-02 10:08:30,30.83,361,11130
2026-01-02 10:08:31,30.95,368,11390
2026-01-02 10:08:32,30.83,339,10451
2026-01-02 10:08:33,30.83,376,11592
2026-01-02 10:08:34,30.83,365,11253
2026-01-02 10:08:35,30.83,342,10544
2026-01-02 10:08:36,30.83,354,10914
2026-01-02 10:08:37,30.83,353,10883
2026-01-02 10:08:38,30.83,348,10729
2026-01-02 10:08:39,30.83,328,10112
2026-01-02 10:08:40,30.83,355,10945
2026-01-02 10:08:41,30.83,362,11160
2026-01-02 10:08:42,30.83,348,10729
2026-01-02 10:08:43,30.83,353,10883
2026-01-02 10:08:44,30.83,363,11191
2026-01-02 10:08:45,30.83,378,11654
2026-01-02 10:08:46,30.83,357,11006
2026-01-02 10:08:47,30.83,346,10667
2026-01-02 10:08:48,30.83,367,11315
2026-01-02 10:08:49,30.83,327,10081
2026-01-02 10:08:50,30.83,303,9341
2026-01-02 10:08:51,30.83,367,11315
2026-01-02 10:08:52,30.83,339,10451
2026-01-02 10:08:53,30.83,337,10390
2026-01-02 10:08:54,30.83,367,11315
2026-01-02 10:08:55,30.99,348,10785
2026-01-02 10:08:56,31.37,345,10823
2026-01-02 10:08:57,31.26,352,11004
2026-01-02 10:08:58,31.32,344,10774
2026-01-02 10:08:59,31.35,346,10847
2026-01-02 10:09:00,31.13,329,10242
2026-01-02 10:09:01,31.16,351,10937
2026-01-02 10:09:02,31.12,360,11203
2026-01-02 10:09:03,31.17,353,11003
2026-01-02 10:09:04,30.83,310,9557
2026-01-02 10:09:05,30.83,397,12240
2026-01-02 10:09:06,30.83,379,11685
2026-01-02 10:09:07,30.83,357,11006
2026-01-02 10:09:08,30.83,338,10421
2026-01-02 10:09:09,30.83,338,10421
2026-01-02 10:09:10,30.83,360,11099
2026-01-02 10:09:11,30.83,364,11222
2026-01-02 10:09:12,30.83,360,11099
2026-01-02 10:09:13,30.83,344,10606
2026-01-02 10:09:14,30.83,329,10143
2026-01-02 10:09:15,30.83,316,9742
2026-01-02 10:09:16,30.83,355,10945
2026-01-02 10:09:17,30.83,340,10482
2026-01-02 10:09:18,30.83,349,10760
2026-01-02 10:09:19,30.83,357,11006
2026-01-02 10:09:20,30.83,371,11438
2026-01-02 10:09:21,30.83,375,11561
2026-01-02 10:09:22,30.83,346,10667
2026-01-02 10:09:23,30.83,380,11715
2026-01-02 10:09:24,30.83,359,11068
2026-01-02 10:09:25,30.83,333,10266
2026-01-02 10:09:26,30.83,333,10266
2026-01-02 10:09:27,30.83,341,10513
2026-01-02 10:09:28,30.83,356,10975
2026-01-02 10:09:29,30.83,358,11037
2026-01-02 10:09:30,30.83,383,11808
2026-01-02 10:09:31,30.83,355,10945
2026-01-02 10:09:32,30.94,338,10458
2026-01-02 10:09:33,31.19,332,10355
2026-01-02 10:09:34,31.45,372,11699
2026-01-02 10:09:35,31.06,314,9753
2026-01-02 10:09:36,31.30,326,10204
2026-01-02 10:09:37,30.93,363,11228
2026-01-02 10:09:38,31.07,329,10222
2026-01-02 10:09:39,31.15,320,9968
2026-01-02 10:09:40,31.23,363,11336
2026-01-02 10:09:41,31.51,383,12068
2026-01-02 10:09:42,31.94,361,11530
2026-01-02 10:09:43,31.67,376,11908
2026-01-02 10:09:44,32.02,336,10759
2026-01-02 10:09:45,31.99,348,11133
2026-01-02 10:09:46,31.47,326,10259
2026-01-02 10:09:47,31.97,347,11094
2026-01-02 10:09:48,31.81,338,10752
2026-01-02 10:09:49,32.25,355,11449
2026-01-02 10:09:50,31.29,360,11264
2026-01-02 10:09:51,31.38,334,10481
2026-01-02 10:09:52,31.67,358,11338
2026-01-02 10:09:53,31.92,369,11778
2026-01-02 10:09:54,32.22,336,10826
2026-01-02 10:09:55,31.61,322,10178
2026-01-02 10:09:56,31.72,371,11768
2026-01-02 10:09:57,31.34,302,9465
2026-01-02 10:09:58,31.00,340,10540
2026-01-02 10:09:59,30.83,354,10914
2026-01-02 10:10:00,31.16,378,11778
2026-01-02 10:10:01,31.17,363,11315
2026-01-02 10:10:02,31.74,345,10950
2026-01-02 10:10:03,32.01,328,10499
2026-01-02 10:10:04,32.31,365,11793
2026-01-02 10:10:05,32.13,342,10988
2026-01-02 10:10:06,32.33,313,10119
2026-01-02 10:10:07,32.56,348,11331
2026-01-02 10:10:08,32.58,335,10914
2026-01-02 10:10:09,32.55,379,12336
2026-01-02 10:10:10,32.02,335,10727
2026-01-02 10:10:11,32.42,327,10601
2026-01-02 10:10:12,32.17,340,10938
2026-01-02 10:10:13,31.41,344,10805
2026-01-02 10:10:14,31.65,344,10888
2026-01-02 10:10:15,31.31,384,12023
2026-01-02 10:10:16,31.42,364,11437
2026-01-02 10:10:17,31.72,336,10658
2026-01-02 10:10:18,31.72,325,10309
2026-01-02 10:10:19,31.77,371,11787
2026-01-02 10:10:20,31.88,343,10935
2026-01-02 10:10:21,31.63,363,11482
2026-01-02 10:10:22,31.98,342,10937
2026-01-02 10:10:23,32.32,340,10989
2026-01-02 10:10:24,32.54,355,11552
2026-01-02 10:10:25,32.99,308,10161
2026-01-02 10:10:26,32.99,350,11546
2026-01-02 10:10:27,32.96,314,10349
2026-01-02 10:10:28,32.62,342,11156
2026-01-02 10:10:29,32.99,366,12074
2026-01-02 10:10:30,32.99,347,11448
2026-01-02 10:10:31,32.99,362,11942
2026-01-02 10:10:32,32.99,366,12074
2026-01-02 10:10:33,32.99,357,11777
2026-01-02 10:10:34,32.99,341,11250
2026-01-02 10:10:35,32.99,320,10557
2026-01-02 10:10:36,32.99,351,11579
2026-01-02 10:10:37,32.99,371,12239
2026-01-02 10:10:38,32.99,318,10491
2026-01-02 10:10:39,32.99,338,11151
2026-01-02 10:10:40,32.99,362,11942
2026-01-02 10:10:41,32.99,345,11382
2026-01-02 10:10:42,32.99,343,11316
2026-01-02 10:10:43,32.99,280,9237
2026-01-02 10:10:44,32.99,371,12239
2026-01-02 10:10:45,32.99,352,11612
2026-01-02 10:10:46,32.99,335,11052
2026-01-02 10:10:47,32.99,293,9666
2026-01-02 10:10:48,32.99,341,11250
2026-01-02 10:10:49,32.99,345,11382
2026-01-02 10:10:50,32.99,326,10755
2026-01-02 10:10:51,32.99,352,11612
2026-01-02 10:10:52,32.99,316,10425
2026-01-02 10:10:53,32.99,376,12404
2026-01-02 10:10:54,32.99,349,11514
2026-01-02 10:10:55,32.99,355,11711
2026-01-02 10:10:56,32.99,308,10161
2026-01-02 10:10:57,32.99,351,11579
2026-01-02 10:10:58,32.99,327,10788
2026-01-02 10:10:59,32.99,366,12074
2026-01-02 10:11:00,32.99,348,11481
2026-01-02 10:11:01,32.99,308,10161
2026-01-02 10:11:02,32.99,353,11645
2026-01-02 10:11:03,32.99,314,10359
2026-01-02 10:11:04,32.99,347,11448
2026-01-02 10:11:05,32.99,359,11843
2026-01-02 10:11:06,32.99,369,12173
2026-01-02 10:11:07,32.99,347,11448
2026-01-02 10:11:08,32.99,356,11744
2026-01-02 10:11:09,32.99,310,10227
2026-01-02 10:11:10,32.99,344,11349
2026-01-02 10:11:11,32.99,353,11645
2026-01-02 10:11:12,32.99,357,11777
2026-01-02 10:11:13,32.99,317,10458
2026-01-02 10:11:14,32.99,370,12206
2026-01-02 10:11:15,32.99,322,10623
2026-01-02 10:11:16,32.99,379,12503
2026-01-02 10:11:17,32.99,324,10689
2026-01-02 10:11:18,32.99,347,11448
2026-01-02 10:11:19,32.99,351,11579
2026-01-02 10:11:20,32.99,345,11382
2026-01-02 10:11:21,32.90,358,11778
2026-01-02 10:11:22,32.99,353,11645
2026-01-02 10:11:23,32.99,330,10887
2026-01-02 10:11:24,32.99,342,11283
2026-01-02 10:11:25,32.99,331,10920
2026-01-02 10:11:26,32.99,364,12008
2026-01-02 10:11:27,32.99,342,11283
2026-01-02 10:11:28,32.99,351,11579
2026-01-02 10:11:29,32.99,339,11184
2026-01-02 10:11:30,32.52,329,10699
2026-01-02 10:11:31,32.30,350,11305
2026-01-02 10:11:32,32.45,361,11714
2026-01-02 10:11:33,32.56,304,9898
2026-01-02 10:11:34,32.37,359,11621
2026-01-02 10:11:35,32.13,345,11085
2026-01-02 10:11:36,32.33,353,11412
2026-01-02 10:11:37,32.63,312,10181
2026-01-02 10:11:38,32.82,356,11684
2026-01-02 10:11:39,32.99,352,11612
2026-01-02 10:11:40,32.72,331,10830
2026-01-02 10:11:41,32.98,367,12104
2026-01-02 10:11:42,32.99,332,10953
2026-01-02 10:11:43,32.78,325,10654
2026-01-02 10:11:44,32.76,310,10156
2026-01-02 10:11:45,32.72,359,11746
2026-01-02 10:11:46,32.99,351,11579
2026-01-02 10:11:47,32.99,326,10755
2026-01-02 10:11:48,32.83,371,12180
2026-01-02 10:11:49,32.99,363,11975
2026-01-02 10:11:50,32.97,325,10715
2026-01-02 10:11:51,32.77,331,10847
2026-01-02 10:11:52,32.76,347,11368
2026-01-02 10:11:53,32.99,377,12437
2026-01-02 10:11:54,32.99,387,12767
2026-01-02 10:11:55,32.99,368,12140
2026-01-02 10:11:56,32.99,345,11382
2026-01-02 10:11:57,32.99,338,11151
2026-01-02 10:11:58,32.99,352,11612
2026-01-02 10:11:59,32.99,322,10623
2026-01-02 10:12:00,32.99,362,11942
2026-01-02 10:12:01,32.99,362,11942
2026-01-02 10:12:02,32.99,344,11349
2026-01-02 10:12:03,32.99,321,10590
2026-01-02 10:12:04,32.99,313,10326
2026-01-02 10:12:05,32.99,365,12041
2026-01-02 10:12:06,32.99,342,11283
2026-01-02 10:12:07,32.99,340,11217
2026-01-02 10:12:08,32.99,331,10920
2026-01-02 10:12:09,32.99,309,10194
2026-01-02 10:12:10,32.99,332,10953
2026-01-02 10:12:11,32.99,351,11579
2026-01-02 10:12:12,32.99,379,12503
2026-01-02 10:12:13,32.99,365,12041
2026-01-02 10:12:14,32.99,339,11184
2026-01-02 10:12:15,32.99,330,10887
2026-01-02 10:12:16,32.99,336,11085
2026-01-02 10:12:17,32.99,311,10260
2026-01-02 10:12:18,32.99,327,10788
2026-01-02 10:12:19,32.99,353,11645
2026-01-02 10:12:20,32.99,356,11744
2026-01-02 10:12:21,32.99,321,10590
2026-01-02 10:12:22,32.99,356,11744
2026-01-02 10:12:23,32.99,337,11118
2026-01-02 10:12:24,32.99,348,11481
2026-01-02 10:12:25,32.99,354,11678
2026-01-02 10:12:26,32.99,331,10920
2026-01-02 10:12:27,32.99,346,11415
2026-01-02 10:12:28,32.99,349,11514
2026-01-02 10:12:29,32.99,350,11546
2026-01-02 10:12:30,32.99,360,11876
2026-01-02 10:12:31,32.99,352,11612
2026-01-02 10:12:32,32.99,353,11645
2026-01-02 10:12:33,32.99,328,10821
2026-01-02 10:12:34,32.99,336,11085
2026-01-02 10:12:35,32.99,335,11052
2026-01-02 10:12:36,32.99,318,10491
2026-01-02 10:12:37,32.99,338,11151
2026-01-02 10:12:38,32.66,325,10614
2026-01-02 10:12:39,32.89,344,11314
2026-01-02 10:12:40,32.81,347,11385
2026-01-02 10:12:41,32.94,309,10178
2026-01-02 10:12:42,32.94,363,11957
2026-01-02 10:12:43,32.99,365,12041
2026-01-02 10:12:44,32.99,326,10755
2026-01-02 10:12:45,32.99,342,11283
2026-01-02 10:12:46,32.99,308,10161
2026-01-02 10:12:47,32.99,326,10755
2026-01-02 10:12:48,32.71,312,10206
2026-01-02 10:12:49,32.99,318,10491
2026-01-02 10:12:50,32.99,356,11744
2026-01-02 10:12:51,32.84,314,10312
2026-01-02 10:12:52,32.92,330,10864
2026-01-02 10:12:53,32.99,350,11546
2026-01-02 10:12:54,32.61,354,11544
2026-01-02 10:12:55,32.69,305,9970
2026-01-02 10:12:56,32.43,321,10410
2026-01-02 10:12:57,32.61,319,10403
2026-01-02 10:12:58,32.40,330,10692
2026-01-02 10:12:59,32.99,344,11349
2026-01-02 10:13:00,32.99,336,11085
2026-01-02 10:13:01,32.99,337,11118
2026-01-02 10:13:02,32.99,326,10755
2026-01-02 10:13:03,32.99,309,10194
2026-01-02 10:13:04,32.99,344,11349
2026-01-02 10:13:05,32.78,326,10686
2026-01-02 10:13:06,32.71,347,11350
2026-01-02 10:13:07,32.00,318,10176
2026-01-02 10:13:08,31.90,338,10782
2026-01-02 10:13:09,31.50,340,10710
2026-01-02 10:13:10,31.63,322,10185
2026-01-02 10:13:11,31.84,356,11335
2026-01-02 10:13:12,31.99,355,11356
2026-01-02 10:13:13,31.87,349,11123
2026-01-02 10:13:14,31.33,324,10151
2026-01-02 10:13:15,31.34,290,9089
2026-01-02 10:13:16,31.58,320,10106
2026-01-02 10:13:17,31.77,337,10706
2026-01-02 10:13:18,31.56,350,11046
2026-01-02 10:13:19,31.38,370,11611
2026-01-02 10:13:20,31.37,325,10195
2026-01-02 10:13:21,31.09,362,11255
2026-01-02 10:13:22,30.83,334,10297
2026-01-02 10:13:23,30.93,368,11382
2026-01-02 10:13:24,31.50,340,10710
2026-01-02 10:13:25,31.55,348,10979
2026-01-02 10:13:26,31.74,315,9998
2026-01-02 10:13:27,31.12,319,9927
2026-01-02 10:13:28,30.87,329,10156
2026-01-02 10:13:29,30.83,314,9681
2026-01-02 10:13:30,30.83,330,10174
2026-01-02 10:13:31,31.02,314,9740
2026-01-02 10:13:32,31.24,357,11153
2026-01-02 10:13:33,31.31,309,9675
2026-01-02 10:13:34,31.59,340,10741
2026-01-02 10:13:35,32.26,370,11936
2026-01-02 10:13:36,32.04,345,11054
2026-01-02 10:13:37,32.21,356,11467
2026-01-02 10:13:38,32.21,319,10275
2026-01-02 10:13:39,32.65,364,11885
2026-01-02 10:13:40,32.49,309,10039
2026-01-02 10:13:41,32.66,337,11006
2026-01-02 10:13:42,32.69,323,10559
2026-01-02 10:13:43,32.49,329,10689
2026-01-02 10:13:44,32.11,355,11399
2026-01-02 10:13:45,31.43,324,10183
2026-01-02 10:13:46,31.56,359,11330
2026-01-02 10:13:47,30.99,346,10723
2026-01-02 10:13:48,30.83,316,9742
2026-01-02 10:13:49,30.83,306,9434
2026-01-02 10:13:50,30.83,359,11068
2026-01-02 10:13:51,30.83,365,11253
2026-01-02 10:13:52,30.94,325,10056
2026-01-02 10:13:53,30.83,334,10297
2026-01-02 10:13:54,31.22,355,11083
2026-01-02 10:13:55,31.74,325,10316
2026-01-02 10:13:56,31.36,350,10976
2026-01-02 10:13:57,31.40,325,10205
2026-01-02 10:13:58,31.46,341,10728
2026-01-02 10:13:59,31.55,327,10317
2026-01-02 10:14:00,32.08,318,10201
2026-01-02 10:14:01,32.54,355,11552
2026-01-02 10:14:02,32.90,346,11383
2026-01-02 10:14:03,32.99,352,11612
2026-01-02 10:14:04,32.99,345,11382
2026-01-02 10:14:05,32.99,323,10656
2026-01-02 10:14:06,32.99,328,10821
2026-01-02 10:14:07,32.99,380,12536
2026-01-02 10:14:08,32.99,316,10425
2026-01-02 10:14:09,32.99,356,11744
2026-01-02 10:14:10,32.99,321,10590
2026-01-02 10:14:11,32.99,368,12140
2026-01-02 10:14:12,32.99,395,13031
2026-01-02 10:14:13,32.99,319,10524
2026-01-02 10:14:14,32.99,342,11283
2026-01-02 10:14:15,32.99,323,10656
2026-01-02 10:14:16,32.99,350,11546
2026-01-02 10:14:17,32.99,339,11184
2026-01-02 10:14:18,32.99,352,11612
2026-01-02 10:14:19,32.99,330,10887
2026-01-02 10:14:20,32.99,357,11777
2026-01-02 10:14:21,32.99,343,11316
2026-01-02 10:14:22,32.99,330,10887
2026-01-02 10:14:23,32.99,338,11151
2026-01-02 10:14:24,32.99,327,10788
2026-01-02 10:14:25,32.99,338,11151
2026-01-02 10:14:26,32.99,337,11118
2026-01-02 10:14:27,32.99,361,11909
2026-01-02 10:14:28,32.99,334,11019
2026-01-02 10:14:29,32.99,353,11645
2026-01-02 10:14:30,32.99,352,11612
2026-01-02 10:14:31,32.99,341,11250
2026-01-02 10:14:32,32.99,300,9897
2026-01-02 10:14:33,32.99,345,11382
2026-01-02 10:14:34,32.99,340,11217
2026-01-02 10:14:35,32.99,345,11382
2026-01-02 10:14:36,32.99,325,10722
2026-01-02 10:14:37,32.99,331,10920
2026-01-02 10:14:38,32.99,327,10788
2026-01-02 10:14:39,32.99,325,10722
2026-01-02 10:14:40,32.99,350,11546
2026-01-02 10:14:41,32.99,328,10821
2026-01-02 10:14:42,32.99,334,11019
2026-01-02 10:14:43,32.99,334,11019
2026-01-02 10:14:44,32.99,335,11052
2026-01-02 10:14:45,32.99,338,11151
2026-01-02 10:14:46,32.99,353,11645
2026-01-02 10:14:47,32.99,372,12272
2026-01-02 10:14:48,32.99,281,9270
2026-01-02 10:14:49,32.99,355,11711
2026-01-02 10:14:50,32.99,335,11052
2026-01-02 10:14:51,32.99,309,10194
2026-01-02 10:14:52,32.99,304,10029
2026-01-02 10:14:53,32.99,341,11250
2026-01-02 10:14:54,32.99,317,10458
2026-01-02 10:14:55,32.99,331,10920
2026-01-02 10:14:56,32.99,348,11481
2026-01-02 10:14:57,32.99,321,10590
2026-01-02 10:14:58,32.99,331,10920
2026-01-02 10:14:59,32.99,349,11514
2026-01-02 10:15:00,32.99,313,10326
2026-01-02 10:15:01,32.99,352,11612
2026-01-02 10:15:02,32.99,316,10425
2026-01-02 10:15:03,32.99,341,11250
2026-01-02 10:15:04,32.99,317,10458
2026-01-02 10:15:05,32.99,317,10458
2026-01-02 10:15:06,32.99,346,11415
2026-01-02 10:15:07,32.99,352,11612
2026-01-02 10:15:08,32.99,333,10986
2026-01-02 10:15:09,32.99,358,11810
2026-01-02 10:15:10,32.99,359,11843
2026-01-02 10:15:11,32.99,344,11349
2026-01-02 10:15:12,32.99,339,11184
2026-01-02 10:15:13,32.99,370,12206
2026-01-02 10:15:14,32.99,355,11711
2026-01-02 10:15:15,32.99,316,10425
2026-01-02 10:15:16,32.99,349,11514
2026-01-02 10:15:17,32.99,336,11085
2026-01-02 10:15:18,32.99,320,10557
2026-01-02 10:15:19,32.99,311,10260
2026-01-02 10:15:20,32.99,344,11349
2026-01-02 10:15:21,32.99,368,12140
2026-01-02 10:15:22,32.99,324,10689
2026-01-02 10:15:23,32.99,352,11612
2026-01-02 10:15:24,32.99,342,11283
2026-01-02 10:15:25,32.99,326,10755
2026-01-02 10:15:26,32.99,342,11283
2026-01-02 10:15:27,32.99,332,10953
2026-01-02 10:15:28,32.99,310,10227
2026-01-02 10:15:29,32.99,333,10986
2026-01-02 10:15:30,32.99,365,12041
2026-01-02 10:15:31,32.99,320,10557
2026-01-02 10:15:32,32.99,344,11349
2026-01-02 10:15:33,32.99,332,10953
2026-01-02 10:15:34,32.99,334,11019
2026-01-02 10:15:35,32.99,292,9633
2026-01-02 10:15:36,32.99,300,9897
2026-01-02 10:15:37,32.99,316,10425
2026-01-02 10:15:38,32.99,356,11744
2026-01-02 10:15:39,32.99,336,11085
2026-01-02 10:15:40,32.99,322,10623
2026-01-02 10:15:41,32.99,328,10821
2026-01-02 10:15:42,32.99,346,11415
2026-01-02 10:15:43,32.99,327,10788
2026-01-02 10:15:44,32.99,302,9963
2026-01-02 10:15:45,32.99,315,10392
2026-01-02 10:15:46,32.99,342,11283
2026-01-02 10:15:47,32.99,355,11711
2026-01-02 10:15:48,32.99,327,10788
2026-01-02 10:15:49,32.99,335,11052
2026-01-02 10:15:50,32.99,351,11579
2026-01-02 10:15:51,32.99,341,11250
2026-01-02 10:15:52,32.99,329,10854
2026-01-02 10:15:53,32.99,310,10227
2026-01-02 10:15:54,32.99,311,10260
2026-01-02 10:15:55,32.99,314,10359
2026-01-02 10:15:56,32.99,322,10623
2026-01-02 10:15:57,32.99,331,10920
2026-01-02 10:15:58,32.99,321,10590
2026-01-02 10:15:59,32.99,325,10722
2026-01-02 10:16:00,32.99,339,11184
2026-01-02 10:16:01,32.99,311,10260
2026-01-02 10:16:02,32.99,318,10491
2026-01-02 10:16:03,32.99,326,10755
2026-01-02 10:16:04,32.99,328,10821
2026-01-02 10:16:05,32.99,299,9864
2026-01-02 10:16:06,32.99,335,11052
2026-01-02 10:16:07,32.99,325,10722
2026-01-02 10:16:08,32.99,313,10326
2026-01-02 10:16:09,32.99,348,11481
2026-01-02 10:16:10,32.99,331,10920
2026-01-02 10:16:11,32.99,306,10095
2026-01-02 10:16:12,32.99,302,9963
2026-01-02 10:16:13,32.99,300,9897
2026-01-02 10:16:14,32.99,326,10755
2026-01-02 10:16:15,32.99,306,10095
2026-01-02 10:16:16,32.99,310,10227
