timestamp,price,volume,amount
2026-01-02 09:30:00,68.71,620,42600
2026-01-02 09:30:01,68.16,653,44508
2026-01-02 09:30:02,68.16,612,41714
2026-01-02 09:30:03,68.16,666,45395
2026-01-02 09:30:04,68.16,649,44236
2026-01-02 09:30:05,68.16,653,44508
2026-01-02 09:30:06,68.16,625,42600
2026-01-02 09:30:07,68.34,640,43738
2026-01-02 09:30:08,68.16,605,41237
2026-01-02 09:30:09,68.16,625,42600
2026-01-02 09:30:10,68.16,658,44849
2026-01-02 09:30:11,68.16,665,45326
2026-01-02 09:30:12,68.16,659,44917
2026-01-02 09:30:13,68.16,639,43554
2026-01-02 09:30:14,68.16,611,41646
2026-01-02 09:30:15,68.16,642,43759
2026-01-02 09:30:16,68.16,627,42736
2026-01-02 09:30:17,68.16,643,43827
2026-01-02 09:30:18,68.16,645,43963
2026-01-02 09:30:19,68.16,607,41373
2026-01-02 09:30:20,68.16,662,45122
2026-01-02 09:30:21,68.16,633,43145
2026-01-02 09:30:22,68.16,688,46894
2026-01-02 09:30:23,68.16,680,46349
2026-01-02 09:30:24,68.16,649,44236
2026-01-02 09:30:25,68.16,619,42191
2026-01-02 09:30:26,68.16,668,45531
2026-01-02 09:30:27,68.16,666,45395
2026-01-02 09:30:28,68.16,617,42055
2026-01-02 09:30:29,68.16,630,42941
2026-01-02 09:30:30,68.16,616,41987
2026-01-02 09:30:31,69.24,637,44106
2026-01-02 09:30:32,68.41,637,43577
2026-01-02 09:30:33,68.40,605,41382
2026-01-02 09:30:34,70.75,653,46200
2026-01-02 09:30:35,70.51,634,44703
2026-01-02 09:30:36,70.27,676,47503
2026-01-02 09:30:37,68.39,653,44659
2026-01-02 09:30:38,70.07,676,47367
2026-01-02 09:30:39,71.52,629,44986
2026-01-02 09:30:40,69.54,675,46940
2026-01-02 09:30:41,69.68,616,42923
2026-01-02 09:30:42,70.62,653,46115
2026-01-02 09:30:43,71.57,654,46807
2026-01-02 09:30:44,70.38,611,43002
2026-01-02 09:30:45,71.49,650,46468
2026-01-02 09:30:46,70.02,598,41872
2026-01-02 09:30:47,70.74,637,45061
2026-01-02 09:30:48,69.61,695,48379
2026-01-02 09:30:49,68.53,636,43585
2026-01-02 09:30:50,68.53,643,44065
2026-01-02 09:30:51,68.16,630,42941
2026-01-02 09:30:52,68.16,645,43963
2026-01-02 09:30:53,68.16,623,42464
2026-01-02 09:30:54,68.16,645,43963
2026-01-02 09:30:55,69.47,665,46198
2026-01-02 09:30:56,68.16,638,43486
2026-01-02 09:30:57,68.16,649,44236
2026-01-02 09:30:58,68.16,649,44236
2026-01-02 09:30:59,68.62,616,42270
2026-01-02 09:31:00,68.16,663,45190
2026-01-02 09:31:01,68.16,628,42804
2026-01-02 09:31:02,68.16,642,43759
2026-01-02 09:31:03,70.34,632,44455
2026-01-02 09:31:04,68.16,601,40964
2026-01-02 09:31:05,69.56,638,44379
2026-01-02 09:31:06,69.76,612,42693
2026-01-02 09:31:07,69.05,657,45366
2026-01-02 09:31:08,69.23,645,44653
2026-01-02 09:31:09,70.53,626,44152
2026-01-02 09:31:10,71.57,624,44660
2026-01-02 09:31:11,72.03,654,47108
2026-01-02 09:31:12,73.20,620,45384
2026-01-02 09:31:13,73.17,655,47926
2026-01-02 09:31:14,72.92,610,44481
2026-01-02 09:31:15,73.33,635,46565
2026-01-02 09:31:16,74.51,641,47761
2026-01-02 09:31:17,74.13,594,44033
2026-01-02 09:31:18,72.18,641,46267
2026-01-02 09:31:19,71.41,618,44131
2026-01-02 09:31:20,72.57,644,46735
2026-01-02 09:31:21,71.40,627,44768
2026-01-02 09:31:22,68.73,610,41925
2026-01-02 09:31:23,68.80,662,45546
2026-01-02 09:31:24,69.14,597,41277
2026-01-02 09:31:25,69.27,674,46688
2026-01-02 09:31:26,69.46,623,43274
2026-01-02 09:31:27,71.01,657,46654
2026-01-02 09:31:28,72.06,655,47199
2026-01-02 09:31:29,72.44,648,46941
2026-01-02 09:31:30,74.10,639,47350
2026-01-02 09:31:31,74.48,645,48040
2026-01-02 09:31:32,73.40,595,43673
2026-01-02 09:31:33,73.33,622,45611
2026-01-02 09:31:34,70.48,647,45601
2026-01-02 09:31:35,71.20,694,49413
2026-01-02 09:31:36,71.97,682,49084
2026-01-02 09:31:37,71.68,586,42004
2026-01-02 09:31:38,69.96,641,44844
2026-01-02 09:31:39,68.86,647,44552
2026-01-02 09:31:40,70.04,633,44335
2026-01-02 09:31:41,68.71,586,40264
2026-01-02 09:31:42,68.16,657,44781
2026-01-02 09:31:43,68.16,680,46349
2026-01-02 09:31:44,68.94,632,43570
2026-01-02 09:31:45,70.18,660,46319
2026-01-02 09:31:46,70.50,618,43569
2026-01-02 09:31:47,71.06,657,46686
2026-01-02 09:31:48,71.81,625,44881
2026-01-02 09:31:49,70.80,628,44462
2026-01-02 09:31:50,68.91,655,45136
2026-01-02 09:31:51,69.34,639,44308
2026-01-02 09:31:52,70.44,659,46420
2026-01-02 09:31:53,72.49,642,46539
2026-01-02 09:31:54,70.66,603,42608
2026-01-02 09:31:55,68.16,642,43759
2026-01-02 09:31:56,68.16,644,43895
2026-01-02 09:31:57,68.16,618,42123
2026-01-02 09:31:58,68.16,628,42804
2026-01-02 09:31:59,68.16,556,37897
2026-01-02 09:32:00,68.16,656,44713
2026-01-02 09:32:01,68.16,611,41646
2026-01-02 09:32:02,68.16,672,45804
2026-01-02 09:32:03,68.16,665,45326
2026-01-02 09:32:04,68.16,640,43622
2026-01-02 09:32:05,68.16,639,43554
2026-01-02 09:32:06,68.16,648,44168
2026-01-02 09:32:07,68.16,624,42532
2026-01-02 09:32:08,68.16,588,40078
2026-01-02 09:32:09,68.16,624,42532
2026-01-02 09:32:10,68.16,641,43691
2026-01-02 09:32:11,68.16,647,44100
2026-01-02 09:32:12,68.16,651,44372
2026-01-02 09:32:13,68.16,640,43622
2026-01-02 09:32:14,68.16,643,43827
2026-01-02 09:32:15,68.16,607,41373
2026-01-02 09:32:16,68.16,635,43282
2026-01-02 09:32:17,68.16,611,41646
2026-01-02 09:32:18,68.16,623,42464
2026-01-02 09:32:19,68.16,631,43009
2026-01-02 09:32:20,68.16,636,43350
2026-01-02 09:32:21,68.16,625,42600
2026-01-02 09:32:22,68.16,630,42941
2026-01-02 09:32:23,68.16,660,44986
2026-01-02 09:32:24,68.16,644,43895
2026-01-02 09:32:25,68.16,579,39465
2026-01-02 09:32:26,68.16,613,41782
2026-01-02 09:32:27,68.16,610,41578
2026-01-02 09:32:28,68.16,624,42532
2026-01-02 09:32:29,68.16,645,43963
2026-01-02 09:32:30,68.16,637,43418
2026-01-02 09:32:31,68.16,621,42327
2026-01-02 09:32:32,68.16,611,41646
2026-01-02 09:32:33,68.16,643,43827
2026-01-02 09:32:34,68.16,579,39465
2026-01-02 09:32:35,68.16,638,43486
2026-01-02 09:32:36,68.16,682,46485
2026-01-02 09:32:37,68.16,626,42668
2026-01-02 09:32:38,68.16,568,38715
2026-01-02 09:32:39,68.16,645,43963
2026-01-02 09:32:40,68.16,610,41578
2026-01-02 09:32:41,68.16,641,43691
2026-01-02 09:32:42,68.16,594,40487
2026-01-02 09:32:43,68.16,693,47235
2026-01-02 09:32:44,68.16,625,42600
2026-01-02 09:32:45,68.16,627,42736
2026-01-02 09:32:46,68.16,648,44168
2026-01-02 09:32:47,68.16,597,40692
2026-01-02 09:32:48,68.16,636,43350
2026-01-02 09:32:49,68.16,636,43350
2026-01-02 09:32:50,68.16,629,42873
2026-01-02 09:32:51,68.16,617,42055
2026-01-02 09:32:52,68.16,623,42464
2026-01-02 09:32:53,68.16,673,45872
2026-01-02 09:32:54,68.16,623,42464
2026-01-02 09:32:55,68.16,628,42804
2026-01-02 09:32:56,68.16,648,44168
2026-01-02 09:32:57,68.16,692,47167
2026-01-02 09:32:58,68.16,630,42941
2026-01-02 09:32:59,68.16,607,41373
2026-01-02 09:33:00,68.16,599,40828
2026-01-02 09:33:01,68.16,636,43350
2026-01-02 09:33:02,68.16,648,44168
2026-01-02 09:33:03,68.16,594,40487
2026-01-02 09:33:04,68.16,646,44031
2026-01-02 09:33:05,68.16,621,42327
2026-01-02 09:33:06,68.16,653,44508
2026-01-02 09:33:07,68.16,612,41714
2026-01-02 09:33:08,68.16,625,42600
2026-01-02 09:33:09,68.16,673,45872
2026-01-02 09:33:10,68.16,632,43077
2026-01-02 09:33:11,68.16,604,41169
2026-01-02 09:33:12,68.16,603,41100
2026-01-02 09:33:13,68.16,621,42327
2026-01-02 09:33:14,68.16,611,41646
2026-01-02 09:33:15,68.16,588,40078
2026-01-02 09:33:16,68.16,645,43963
2026-01-02 09:33:17,68.16,604,41169
2026-01-02 09:33:18,68.16,650,44304
2026-01-02 09:33:19,68.16,647,44100
2026-01-02 09:33:20,68.16,623,42464
2026-01-02 09:33:21,69.01,650,44856
2026-01-02 09:33:22,68.78,590,40580
2026-01-02 09:33:23,68.20,641,43716
2026-01-02 09:33:24,69.47,616,42794
2026-01-02 09:33:25,68.83,642,44189
2026-01-02 09:33:26,71.87,644,46284
2026-01-02 09:33:27,69.99,622,43534
2026-01-02 09:33:28,69.33,621,43054
2026-01-02 09:33:29,68.16,639,43554
2026-01-02 09:33:30,68.48,619,42389
2026-01-02 09:33:31,68.16,614,41850
2026-01-02 09:33:32,68.16,596,40623
2026-01-02 09:33:33,68.16,630,42941
2026-01-02 09:33:34,68.16,589,40146
2026-01-02 09:33:35,70.65,613,43308
2026-01-02 09:33:36,71.97,648,46637
2026-01-02 09:33:37,72.78,623,45342
2026-01-02 09:33:38,72.39,631,45678
2026-01-02 09:33:39,71.77,593,42560
2026-01-02 09:33:40,69.38,604,41906
2026-01-02 09:33:41,68.16,617,42055
2026-01-02 09:33:42,68.16,635,43282
2026-01-02 09:33:43,68.16,584,39805
2026-01-02 09:33:44,68.16,613,41782
2026-01-02 09:33:45,68.16,625,42600
2026-01-02 09:33:46,68.16,659,44917
2026-01-02 09:33:47,68.16,612,41714
2026-01-02 09:33:48,68.16,625,42600
2026-01-02 09:33:49,68.16,607,41373
2026-01-02 09:33:50,68.16,628,42804
2026-01-02 09:33:51,68.16,643,43827
2026-01-02 09:33:52,68.23,627,42780
2026-01-02 09:33:53,68.42,641,43857
2026-01-02 09:33:54,68.16,637,43418
2026-01-02 09:33:55,68.16,587,40010
2026-01-02 09:33:56,68.16,665,45326
2026-01-02 09:33:57,68.16,564,38442
2026-01-02 09:33:58,68.16,612,41714
2026-01-02 09:33:59,68.16,580,39533
2026-01-02 09:34:00,68.16,598,40760
2026-01-02 09:34:01,68.16,616,41987
2026-01-02 09:34:02,68.16,633,43145
2026-01-02 09:34:03,68.16,595,40555
2026-01-02 09:34:04,68.16,589,40146
2026-01-02 09:34:05,68.16,629,42873
2026-01-02 09:34:06,68.16,623,42464
2026-01-02 09:34:07,68.16,593,40419
2026-01-02 09:34:08,68.16,637,43418
2026-01-02 09:34:09,68.16,560,38170
2026-01-02 09:34:10,68.16,622,42396
2026-01-02 09:34:11,68.16,600,40896
2026-01-02 09:34:12,68.16,628,42804
2026-01-02 09:34:13,68.16,631,43009
2026-01-02 09:34:14,68.16,589,40146
2026-01-02 09:34:15,68.16,627,42736
2026-01-02 09:34:16,68.16,646,44031
2026-01-02 09:34:17,68.16,615,41918
2026-01-02 09:34:18,68.16,584,39805
2026-01-02 09:34:19,68.16,633,43145
2026-01-02 09:34:20,68.16,586,39942
2026-01-02 09:34:21,68.16,577,39328
2026-01-02 09:34:22,68.16,633,43145
2026-01-02 09:34:23,68.16,635,43282
2026-01-02 09:34:24,68.16,625,42600
2026-01-02 09:34:25,68.16,629,42873
2026-01-02 09:34:26,68.16,620,42259
2026-01-02 09:34:27,68.16,632,43077
2026-01-02 09:34:28,68.16,607,41373
2026-01-02 09:34:29,68.16,621,42327
2026-01-02 09:34:30,68.16,618,42123
2026-01-02 09:34:31,68.16,626,42668
2026-01-02 09:34:32,68.16,662,45122
2026-01-02 09:34:33,68.16,591,40283
2026-01-02 09:34:34,68.16,653,44508
2026-01-02 09:34:35,68.16,620,42259
2026-01-02 09:34:36,68.16,594,40487
2026-01-02 09:34:37,68.16,573,39056
2026-01-02 09:34:38,68.16,594,40487
2026-01-02 09:34:39,68.16,619,42191
2026-01-02 09:34:40,68.16,610,41578
2026-01-02 09:34:41,68.16,622,42396
2026-01-02 09:34:42,68.16,579,39465
2026-01-02 09:34:43,68.16,641,43691
2026-01-02 09:34:44,68.16,639,43554
2026-01-02 09:34:45,68.16,624,42532
2026-01-02 09:34:46,68.16,659,44917
2026-01-02 09:34:47,68.16,616,41987
2026-01-02 09:34:48,68.16,611,41646
2026-01-02 09:34:49,68.16,638,43486
2026-01-02 09:34:50,68.16,615,41918
2026-01-02 09:34:51,68.16,634,43213
2026-01-02 09:34:52,68.16,619,42191
2026-01-02 09:34:53,68.16,623,42464
2026-01-02 09:34:54,68.16,584,39805
2026-01-02 09:34:55,68.16,647,44100
2026-01-02 09:34:56,68.16,598,40760
2026-01-02 09:34:57,68.16,629,42873
2026-01-02 09:34:58,68.16,593,40419
2026-01-02 09:34:59,68.16,615,41918
2026-01-02 09:35:00,68.16,618,42123
2026-01-02 09:35:01,68.16,625,42600
2026-01-02 09:35:02,68.16,635,43282
2026-01-02 09:35:03,68.16,647,44100
2026-01-02 09:35:04,68.16,599,40828
2026-01-02 09:35:05,68.16,635,43282
2026-01-02 09:35:06,68.16,627,42736
2026-01-02 09:35:07,68.16,624,42532
2026-01-02 09:35:08,68.16,562,38306
2026-01-02 09:35:09,68.16,595,40555
2026-01-02 09:35:10,68.16,574,39124
2026-01-02 09:35:11,68.16,647,44100
2026-01-02 09:35:12,68.16,618,42123
2026-01-02 09:35:13,68.16,600,40896
2026-01-02 09:35:14,68.16,589,40146
2026-01-02 09:35:15,68.16,574,39124
2026-01-02 09:35:16,68.16,679,46281
2026-01-02 09:35:17,68.16,621,42327
2026-01-02 09:35:18,68.16,607,41373
2026-01-02 09:35:19,68.16,591,40283
2026-01-02 09:35:20,68.16,612,41714
2026-01-02 09:35:21,68.16,611,41646
2026-01-02 09:35:22,68.16,653,44508
2026-01-02 09:35:23,68.16,575,39192
2026-01-02 09:35:24,68.16,611,41646
2026-01-02 09:35:25,68.16,631,43009
2026-01-02 09:35:26,68.16,597,40692
2026-01-02 09:35:27,68.16,650,44304
2026-01-02 09:35:28,68.16,609,41509
2026-01-02 09:35:29,68.16,606,41305
2026-01-02 09:35:30,68.16,619,42191
2026-01-02 09:35:31,68.16,697,47508
2026-01-02 09:35:32,68.16,625,42600
2026-01-02 09:35:33,68.16,606,41305
2026-01-02 09:35:34,68.16,593,40419
2026-01-02 09:35:35,68.16,629,42873
2026-01-02 09:35:36,68.16,588,40078
2026-01-02 09:35:37,68.16,612,41714
2026-01-02 09:35:38,68.16,566,38579
2026-01-02 09:35:39,68.16,625,42600
2026-01-02 09:35:40,68.16,617,42055
2026-01-02 09:35:41,68.16,641,43691
2026-01-02 09:35:42,68.16,620,42259
2026-01-02 09:35:43,68.16,601,40964
2026-01-02 09:35:44,68.16,581,39601
2026-01-02 09:35:45,68.16,600,40896
2026-01-02 09:35:46,68.16,610,41578
2026-01-02 09:35:47,68.16,626,42668
2026-01-02 09:35:48,68.16,602,41032
2026-01-02 09:35:49,68.16,599,40828
2026-01-02 09:35:50,68.16,630,42941
2026-01-02 09:35:51,68.16,624,42532
2026-01-02 09:35:52,68.16,617,42055
2026-01-02 09:35:53,68.16,593,40419
2026-01-02 09:35:54,68.16,613,41782
2026-01-02 09:35:55,68.16,569,38783
2026-01-02 09:35:56,68.16,558,38033
2026-01-02 09:35:57,68.16,587,40010
2026-01-02 09:35:58,68.16,603,41100
2026-01-02 09:35:59,68.16,654,44577
2026-01-02 09:36:00,68.16,616,41987
2026-01-02 09:36:01,68.16,610,41578
2026-01-02 09:36:02,68.16,615,41918
2026-01-02 09:36:03,68.16,540,36806
2026-01-02 09:36:04,68.16,579,39465
2026-01-02 09:36:05,68.16,618,42123
2026-01-02 09:36:06,68.16,661,45054
2026-01-02 09:36:07,68.16,594,40487
2026-01-02 09:36:08,68.16,619,42191
2026-01-02 09:36:09,68.16,603,41100
2026-01-02 09:36:10,68.16,622,42396
2026-01-02 09:36:11,68.16,596,40623
2026-01-02 09:36:12,68.16,611,41646
2026-01-02 09:36:13,68.16,605,41237
2026-01-02 09:36:14,68.16,629,42873
2026-01-02 09:36:15,68.16,614,41850
2026-01-02 09:36:16,68.16,577,39328
2026-01-02 09:36:17,68.16,604,41169
2026-01-02 09:36:18,68.16,599,40828
2026-01-02 09:36:19,68.16,618,42123
2026-01-02 09:36:20,68.16,566,38579
2026-01-02 09:36:21,68.16,599,40828
2026-01-02 09:36:22,68.16,570,38851
2026-01-02 09:36:23,68.16,573,39056
2026-01-02 09:36:24,68.16,577,39328
2026-01-02 09:36:25,68.16,629,42873
2026-01-02 09:36:26,68.16,620,42259
2026-01-02 09:36:27,68.16,569,38783
2026-01-02 09:36:28,68.16,595,40555
2026-01-02 09:36:29,68.16,576,39260
2026-01-02 09:36:30,68.16,609,41509
2026-01-02 09:36:31,68.16,680,46349
2026-01-02 09:36:32,68.16,611,41646
2026-01-02 09:36:33,68.16,637,43418
2026-01-02 09:36:34,68.16,582,39669
2026-01-02 09:36:35,68.16,609,41509
2026-01-02 09:36:36,68.16,635,43282
2026-01-02 09:36:37,68.16,572,38988
2026-01-02 09:36:38,68.16,626,42668
2026-01-02 09:36:39,68.16,608,41441
2026-01-02 09:36:40,68.16,597,40692
2026-01-02 09:36:41,68.16,606,41305
2026-01-02 09:36:42,68.16,624,42532
2026-01-02 09:36:43,68.16,549,37420
2026-01-02 09:36:44,68.16,605,41237
2026-01-02 09:36:45,68.16,608,41441
2026-01-02 09:36:46,68.16,611,41646
2026-01-02 09:36:47,68.16,608,41441
2026-01-02 09:36:48,68.16,601,40964
2026-01-02 09:36:49,68.16,577,39328
2026-01-02 09:36:50,68.16,609,41509
2026-01-02 09:36:51,68.16,615,41918
2026-01-02 09:36:52,68.16,625,42600
2026-01-02 09:36:53,68.16,643,43827
2026-01-02 09:36:54,68.16,595,40555
2026-01-02 09:36:55,68.16,587,40010
2026-01-02 09:36:56,68.16,590,40214
2026-01-02 09:36:57,68.16,592,40351
2026-01-02 09:36:58,68.16,580,39533
2026-01-02 09:36:59,68.16,638,43486
2026-01-02 09:37:00,68.16,560,38170
2026-01-02 09:37:01,68.16,591,40283
2026-01-02 09:37:02,68.16,579,39465
2026-01-02 09:37:03,68.16,585,39874
2026-01-02 09:37:04,68.16,583,39737
2026-01-02 09:37:05,68.16,591,40283
2026-01-02 09:37:06,68.16,581,39601
2026-01-02 09:37:07,68.16,563,38374
2026-01-02 09:37:08,68.16,631,43009
2026-01-02 09:37:09,68.16,584,39805
2026-01-02 09:37:10,68.16,557,37965
2026-01-02 09:37:11,68.16,582,39669
2026-01-02 09:37:12,68.16,583,39737
2026-01-02 09:37:13,68.16,561,38238
2026-01-02 09:37:14,68.16,610,41578
2026-01-02 09:37:15,68.16,598,40760
2026-01-02 09:37:16,68.16,594,40487
2026-01-02 09:37:17,68.16,561,38238
2026-01-02 09:37:18,68.16,570,38851
2026-01-02 09:37:19,68.16,621,42327
2026-01-02 09:37:20,68.16,594,40487
2026-01-02 09:37:21,68.16,629,42873
2026-01-02 09:37:22,68.16,614,41850
2026-01-02 09:37:23,68.16,595,40555
2026-01-02 09:37:24,68.16,560,38170
2026-01-02 09:37:25,68.16,579,39465
2026-01-02 09:37:26,68.16,582,39669
2026-01-02 09:37:27,68.16,588,40078
2026-01-02 09:37:28,68.16,603,41100
2026-01-02 09:37:29,68.16,584,39805
2026-01-02 09:37:30,68.16,566,38579
2026-01-02 09:37:31,68.16,605,41237
2026-01-02 09:37:32,68.16,630,42941
2026-01-02 09:37:33,68.16,612,41714
2026-01-02 09:37:34,68.16,611,41646
2026-01-02 09:37:35,68.16,607,41373
2026-01-02 09:37:36,68.16,595,40555
2026-01-02 09:37:37,68.16,592,40351
2026-01-02 09:37:38,68.16,605,41237
2026-01-02 09:37:39,68.16,603,41100
2026-01-02 09:37:40,68.16,568,38715
2026-01-02 09:37:41,68.16,621,42327
2026-01-02 09:37:42,68.16,625,42600
2026-01-02 09:37:43,68.16,629,42873
2026-01-02 09:37:44,68.16,570,38851
2026-01-02 09:37:45,68.16,607,41373
2026-01-02 09:37:46,68.16,625,42600
2026-01-02 09:37:47,68.16,646,44031
2026-01-02 09:37:48,68.16,604,41169
2026-01-02 09:37:49,68.16,605,41237
2026-01-02 09:37:50,68.16,590,40214
2026-01-02 09:37:51,68.16,620,42259
2026-01-02 09:37:52,68.16,603,41100
2026-01-02 09:37:53,68.16,578,39396
2026-01-02 09:37:54,68.16,555,37829
2026-01-02 09:37:55,68.16,625,42600
2026-01-02 09:37:56,68.16,579,39465
2026-01-02 09:37:57,68.16,592,40351
2026-01-02 09:37:58,68.16,556,37897
2026-01-02 09:37:59,68.16,591,40283
2026-01-02 09:38:00,68.16,622,42396
2026-01-02 09:38:01,68.16,604,41169
2026-01-02 09:38:02,68.16,563,38374
2026-01-02 09:38:03,68.16,646,44031
2026-01-02 09:38:04,68.16,599,40828
2026-01-02 09:38:05,68.16,598,40760
2026-01-02 09:38:06,68.16,615,41918
2026-01-02 09:38:07,68.16,584,39805
2026-01-02 09:38:08,68.16,584,39805
2026-01-02 09:38:09,68.16,612,41714
2026-01-02 09:38:10,68.16,605,41237
2026-01-02 09:38:11,68.16,578,39396
2026-01-02 09:38:12,68.16,595,40555
2026-01-02 09:38:13,68.16,558,38033
2026-01-02 09:38:14,68.16,605,41237
2026-01-02 09:38:15,68.16,620,42259
2026-01-02 09:38:16,68.16,604,41169
2026-01-02 09:38:17,68.16,588,40078
2026-01-02 09:38:18,68.16,574,39124
2026-01-02 09:38:19,68.16,570,38851
2026-01-02 09:38:20,68.16,562,38306
2026-01-02 09:38:21,68.16,581,39601
2026-01-02 09:38:22,68.16,586,39942
2026-01-02 09:38:23,68.16,589,40146
2026-01-02 09:38:24,68.16,607,41373
2026-01-02 09:38:25,68.16,583,39737
2026-01-02 09:38:26,68.16,531,36193
2026-01-02 09:38:27,68.16,605,41237
2026-01-02 09:38:28,68.16,559,38101
2026-01-02 09:38:29,68.55,614,42090
2026-01-02 09:38:30,69.65,597,41581
2026-01-02 09:38:31,68.16,626,42668
2026-01-02 09:38:32,71.59,621,44457
2026-01-02 09:38:33,73.30,581,42587
2026-01-02 09:38:34,73.15,606,44329
2026-01-02 09:38:35,74.21,621,46084
2026-01-02 09:38:36,70.91,628,44531
2026-01-02 09:38:37,68.89,612,42161
2026-01-02 09:38:38,68.95,586,40405
2026-01-02 09:38:39,68.46,555,37995
2026-01-02 09:38:40,69.35,587,40708
2026-01-02 09:38:41,69.38,631,43779
2026-01-02 09:38:42,69.26,590,40863
2026-01-02 09:38:43,68.16,649,44236
2026-01-02 09:38:44,68.16,600,40896
2026-01-02 09:38:45,68.16,572,38988
2026-01-02 09:38:46,68.16,548,37352
2026-01-02 09:38:47,69.17,562,38874
2026-01-02 09:38:48,70.56,580,40925
2026-01-02 09:38:49,71.62,537,38460
2026-01-02 09:38:50,71.84,598,42960
2026-01-02 09:38:51,70.30,581,40844
2026-01-02 09:38:52,69.64,546,38023
2026-01-02 09:38:53,70.45,559,39382
2026-01-02 09:38:54,71.45,587,41941
2026-01-02 09:38:55,72.04,599,43152
2026-01-02 09:38:56,73.88,578,42703
2026-01-02 09:38:57,74.51,610,45451
2026-01-02 09:38:58,74.51,578,43067
2026-01-02 09:38:59,74.51,591,44035
2026-01-02 09:39:00,74.51,583,43439
2026-01-02 09:39:01,74.51,543,40459
2026-01-02 09:39:02,74.51,588,43812
2026-01-02 09:39:03,74.51,601,44781
2026-01-02 09:39:04,74.51,573,42694
2026-01-02 09:39:05,74.51,588,43812
2026-01-02 09:39:06,74.51,581,43290
2026-01-02 09:39:07,74.51,570,42471
2026-01-02 09:39:08,74.51,568,42322
2026-01-02 09:39:09,74.51,588,43812
2026-01-02 09:39:10,74.51,566,42173
2026-01-02 09:39:11,74.51,629,46867
2026-01-02 09:39:12,74.51,577,42992
2026-01-02 09:39:13,74.51,598,44557
2026-01-02 09:39:14,74.51,545,40608
2026-01-02 09:39:15,74.51,562,41875
2026-01-02 09:39:16,74.51,593,44184
2026-01-02 09:39:17,74.51,592,44110
2026-01-02 09:39:18,74.51,601,44781
2026-01-02 09:39:19,74.51,559,41651
2026-01-02 09:39:20,74.51,600,44706
2026-01-02 09:39:21,74.51,574,42769
2026-01-02 09:39:22,74.51,599,44631
2026-01-02 09:39:23,74.51,585,43588
2026-01-02 09:39:24,74.51,607,45228
2026-01-02 09:39:25,74.51,577,42992
2026-01-02 09:39:26,74.51,592,44110
2026-01-02 09:39:27,74.51,576,42918
2026-01-02 09:39:28,74.51,576,42918
2026-01-02 09:39:29,74.51,569,42396
2026-01-02 09:39:30,74.51,579,43141
2026-01-02 09:39:31,74.51,552,41130
2026-01-02 09:39:32,73.13,580,42415
2026-01-02 09:39:33,74.14,554,41074
2026-01-02 09:39:34,74.51,580,43216
2026-01-02 09:39:35,74.51,607,45228
2026-01-02 09:39:36,74.51,579,43141
2026-01-02 09:39:37,74.51,564,42024
2026-01-02 09:39:38,74.51,556,41428
2026-01-02 09:39:39,74.51,578,43067
2026-01-02 09:39:40,74.51,542,40384
2026-01-02 09:39:41,74.51,570,42471
2026-01-02 09:39:42,74.51,581,43290
2026-01-02 09:39:43,74.51,562,41875
2026-01-02 09:39:44,74.51,566,42173
2026-01-02 09:39:45,74.51,572,42620
2026-01-02 09:39:46,74.51,621,46271
2026-01-02 09:39:47,74.51,557,41502
2026-01-02 09:39:48,74.51,568,42322
2026-01-02 09:39:49,74.51,562,41875
2026-01-02 09:39:50,74.51,566,42173
2026-01-02 09:39:51,74.51,558,41577
2026-01-02 09:39:52,74.51,590,43961
2026-01-02 09:39:53,74.51,540,40235
2026-01-02 09:39:54,74.51,589,43886
2026-01-02 09:39:55,74.51,621,46271
2026-01-02 09:39:56,74.51,575,42843
2026-01-02 09:39:57,74.51,597,44482
2026-01-02 09:39:58,74.51,579,43141
2026-01-02 09:39:59,74.51,593,44184
2026-01-02 09:40:00,74.51,588,43812
2026-01-02 09:40:01,74.51,571,42545
2026-01-02 09:40:02,74.51,608,45302
2026-01-02 09:40:03,74.51,597,44482
2026-01-02 09:40:04,74.51,584,43514
2026-01-02 09:40:05,74.51,554,41279
2026-01-02 09:40:06,74.51,548,40831
2026-01-02 09:40:07,74.51,567,42247
2026-01-02 09:40:08,74.51,592,44110
2026-01-02 09:40:09,74.51,549,40906
2026-01-02 09:40:10,74.51,609,45377
2026-01-02 09:40:11,74.51,565,42098
2026-01-02 09:40:12,74.51,579,43141
2026-01-02 09:40:13,74.51,597,44482
2026-01-02 09:40:14,74.51,576,42918
2026-01-02 09:40:15,74.51,596,44408
2026-01-02 09:40:16,74.51,586,43663
2026-01-02 09:40:17,74.51,557,41502
2026-01-02 09:40:18,74.51,587,43737
2026-01-02 09:40:19,74.51,638,47537
2026-01-02 09:40:20,74.51,576,42918
2026-01-02 09:40:21,74.51,613,45675
2026-01-02 09:40:22,74.51,606,45153
2026-01-02 09:40:23,74.51,585,43588
2026-01-02 09:40:24,74.51,554,41279
2026-01-02 09:40:25,74.51,595,44333
2026-01-02 09:40:26,74.51,605,45079
2026-01-02 09:40:27,74.51,568,42322
2026-01-02 09:40:28,74.51,562,41875
2026-01-02 09:40:29,74.51,559,41651
2026-01-02 09:40:30,74.51,578,43067
2026-01-02 09:40:31,74.51,628,46792
2026-01-02 09:40:32,74.51,554,41279
2026-01-02 09:40:33,74.51,558,41577
2026-01-02 09:40:34,74.51,595,44333
2026-01-02 09:40:35,74.51,589,43886
2026-01-02 09:40:36,74.51,586,43663
2026-01-02 09:40:37,74.51,568,42322
2026-01-02 09:40:38,74.51,565,42098
2026-01-02 09:40:39,74.51,548,40831
2026-01-02 09:40:40,74.51,588,43812
2026-01-02 09:40:41,74.51,582,43365
2026-01-02 09:40:42,74.51,573,42694
2026-01-02 09:40:43,74.51,581,43290
2026-01-02 09:40:44,74.51,579,43141
2026-01-02 09:40:45,74.51,592,44110
2026-01-02 09:40:46,74.51,609,45377
2026-01-02 09:40:47,74.51,596,44408
2026-01-02 09:40:48,74.51,555,41353
2026-01-02 09:40:49,74.51,570,42471
2026-01-02 09:40:50,74.51,580,43216
2026-01-02 09:40:51,74.51,611,45526
2026-01-02 09:40:52,74.51,557,41502
2026-01-02 09:40:53,74.51,576,42918
2026-01-02 09:40:54,74.51,553,41204
2026-01-02 09:40:55,74.51,507,37777
2026-01-02 09:40:56,74.51,588,43812
2026-01-02 09:40:57,74.51,557,41502
2026-01-02 09:40:58,74.51,576,42918
2026-01-02 09:40:59,74.51,567,42247
2026-01-02 09:41:00,74.51,592,44110
2026-01-02 09:41:01,74.51,565,42098
2026-01-02 09:41:02,74.51,578,43067
2026-01-02 09:41:03,74.51,590,43961
2026-01-02 09:41:04,74.51,546,40682
2026-01-02 09:41:05,74.51,572,42620
2026-01-02 09:41:06,74.51,608,45302
2026-01-02 09:41:07,74.51,541,40310
2026-01-02 09:41:08,74.51,578,43067
2026-01-02 09:41:09,74.51,559,41651
2026-01-02 09:41:10,74.51,616,45898
2026-01-02 09:41:11,74.51,565,42098
2026-01-02 09:41:12,74.51,629,46867
2026-01-02 09:41:13,74.51,557,41502
2026-01-02 09:41:14,74.51,586,43663
2026-01-02 09:41:15,74.51,554,41279
2026-01-02 09:41:16,74.51,548,40831
2026-01-02 09:41:17,74.51,578,43067
2026-01-02 09:41:18,74.51,575,42843
2026-01-02 09:41:19,74.51,576,42918
2026-01-02 09:41:20,74.51,605,45079
2026-01-02 09:41:21,74.51,583,43439
2026-01-02 09:41:22,74.51,597,44482
2026-01-02 09:41:23,74.51,583,43439
2026-01-02 09:41:24,74.51,577,42992
2026-01-02 09:41:25,74.51,593,44184
2026-01-02 09:41:26,74.51,573,42694
2026-01-02 09:41:27,74.51,585,43588
2026-01-02 09:41:28,74.51,605,45079
2026-01-02 09:41:29,74.51,550,40980
2026-01-02 09:41:30,74.51,571,42545
2026-01-02 09:41:31,74.51,571,42545
2026-01-02 09:41:32,74.51,573,42694
2026-01-02 09:41:33,74.51,592,44110
2026-01-02 09:41:34,74.51,578,43067
2026-01-02 09:41:35,74.51,581,43290
2026-01-02 09:41:36,74.51,546,40682
2026-01-02 09:41:37,74.51,576,42918
2026-01-02 09:41:38,74.51,567,42247
2026-01-02 09:41:39,74.51,560,41726
2026-01-02 09:41:40,74.51,552,41130
2026-01-02 09:41:41,74.51,567,42247
2026-01-02 09:41:42,74.51,576,42918
2026-01-02 09:41:43,74.51,544,40533
2026-01-02 09:41:44,74.51,550,40980
2026-01-02 09:41:45,74.51,587,43737
2026-01-02 09:41:46,74.51,585,43588
2026-01-02 09:41:47,74.51,631,47016
2026-01-02 09:41:48,74.51,603,44930
2026-01-02 09:41:49,74.51,534,39788
2026-01-02 09:41:50,74.51,604,45004
2026-01-02 09:41:51,74.51,568,42322
2026-01-02 09:41:52,74.51,582,43365
2026-01-02 09:41:53,74.51,570,42471
2026-01-02 09:41:54,74.51,572,42620
2026-01-02 09:41:55,74.51,585,43588
2026-01-02 09:41:56,74.51,552,41130
2026-01-02 09:41:57,74.51,552,41130
2026-01-02 09:41:58,74.51,529,39416
2026-01-02 09:41:59,74.51,610,45451
2026-01-02 09:42:00,74.51,560,41726
2026-01-02 09:42:01,74.51,584,43514
2026-01-02 09:42:02,74.51,538,40086
2026-01-02 09:42:03,74.51,635,47314
2026-01-02 09:42:04,74.51,572,42620
2026-01-02 09:42:05,74.51,539,40161
2026-01-02 09:42:06,74.51,601,44781
2026-01-02 09:42:07,74.51,569,42396
2026-01-02 09:42:08,74.51,586,43663
2026-01-02 09:42:09,74.51,533,39714
2026-01-02 09:42:10,74.51,540,40235
2026-01-02 09:42:11,74.51,580,43216
2026-01-02 09:42:12,74.51,562,41875
2026-01-02 09:42:13,74.51,614,45749
2026-01-02 09:42:14,74.51,555,41353
2026-01-02 09:42:15,74.51,570,42471
2026-01-02 09:42:16,74.51,535,39863
2026-01-02 09:42:17,74.51,568,42322
2026-01-02 09:42:18,74.51,562,41875
2026-01-02 09:42:19,74.51,580,43216
2026-01-02 09:42:20,74.51,581,43290
2026-01-02 09:42:21,74.51,569,42396
2026-01-02 09:42:22,74.51,569,42396
2026-01-02 09:42:23,74.51,588,43812
2026-01-02 09:42:24,74.51,554,41279
2026-01-02 09:42:25,74.51,570,42471
2026-01-02 09:42:26,74.51,553,41204
2026-01-02 09:42:27,74.51,591,44035
2026-01-02 09:42:28,74.51,548,40831
2026-01-02 09:42:29,74.51,554,41279
2026-01-02 09:42:30,74.51,568,42322
2026-01-02 09:42:31,74.51,606,45153
2026-01-02 09:42:32,74.51,563,41949
2026-01-02 09:42:33,74.51,562,41875
2026-01-02 09:42:34,74.51,580,43216
2026-01-02 09:42:35,74.51,536,39937
2026-01-02 09:42:36,74.51,573,42694
2026-01-02 09:42:37,74.51,545,40608
2026-01-02 09:42:38,74.51,577,42992
2026-01-02 09:42:39,74.51,582,43365
2026-01-02 09:42:40,74.51,577,42992
2026-01-02 09:42:41,74.51,526,39192
2026-01-02 09:42:42,74.51,565,42098
2026-01-02 09:42:43,74.51,586,43663
2026-01-02 09:42:44,74.51,573,42694
2026-01-02 09:42:45,74.51,575,42843
2026-01-02 09:42:46,74.51,542,40384
2026-01-02 09:42:47,74.51,579,43141
2026-01-02 09:42:48,74.51,578,43067
2026-01-02 09:42:49,74.51,578,43067
2026-01-02 09:42:50,74.51,611,45526
2026-01-02 09:42:51,74.51,547,40757
2026-01-02 09:42:52,74.51,560,41726
2026-01-02 09:42:53,74.51,542,40384
2026-01-02 09:42:54,74.51,564,42024
2026-01-02 09:42:55,74.51,489,36435
2026-01-02 09:42:56,74.51,556,41428
2026-01-02 09:42:57,74.51,581,43290
2026-01-02 09:42:58,74.51,498,37106
2026-01-02 09:42:59,74.51,582,43365
2026-01-02 09:43:00,74.51,586,43663
2026-01-02 09:43:01,74.51,548,40831
2026-01-02 09:43:02,74.51,583,43439
2026-01-02 09:43:03,74.51,521,38820
2026-01-02 09:43:04,74.51,548,40831
2026-01-02 09:43:05,74.51,571,42545
2026-01-02 09:43:06,74.51,551,41055
2026-01-02 09:43:07,74.51,588,43812
2026-01-02 09:43:08,74.51,574,42769
2026-01-02 09:43:09,74.51,590,43961
2026-01-02 09:43:10,74.51,526,39192
2026-01-02 09:43:11,74.51,583,43439
2026-01-02 09:43:12,74.51,546,40682
2026-01-02 09:43:13,74.51,547,40757
2026-01-02 09:43:14,74.51,544,40533
2026-01-02 09:43:15,74.51,566,42173
2026-01-02 09:43:16,74.51,571,42545
2026-01-02 09:43:17,74.51,569,42396
2026-01-02 09:43:18,74.51,509,37926
2026-01-02 09:43:19,74.51,536,39937
2026-01-02 09:43:20,74.51,549,40906
2026-01-02 09:43:21,74.51,567,42247
2026-01-02 09:43:22,74.51,574,42769
2026-01-02 09:43:23,74.51,533,39714
2026-01-02 09:43:24,74.51,588,43812
2026-01-02 09:43:25,74.51,574,42769
2026-01-02 09:43:26,74.51,599,44631
2026-01-02 09:43:27,74.51,525,39118
2026-01-02 09:43:28,74.51,562,41875
2026-01-02 09:43:29,74.51,584,43514
2026-01-02 09:43:30,74.51,568,42322
2026-01-02 09:43:31,74.51,537,40012
2026-01-02 09:43:32,74.51,529,39416
2026-01-02 09:43:33,74.51,540,40235
2026-01-02 09:43:34,74.51,563,41949
2026-01-02 09:43:35,74.51,547,40757
2026-01-02 09:43:36,74.51,505,37628
2026-01-02 09:43:37,74.51,569,42396
2026-01-02 09:43:38,74.51,524,39043
2026-01-02 09:43:39,74.51,552,41130
2026-01-02 09:43:40,74.51,498,37106
2026-01-02 09:43:41,74.51,537,40012
2026-01-02 09:43:42,74.51,561,41800
2026-01-02 09:43:43,74.51,560,41726
2026-01-02 09:43:44,74.51,559,41651
2026-01-02 09:43:45,74.51,539,40161
2026-01-02 09:43:46,74.51,537,40012
2026-01-02 09:43:47,74.51,579,43141
2026-01-02 09:43:48,74.51,560,41726
2026-01-02 09:43:49,74.51,512,38149
2026-01-02 09:43:50,74.51,562,41875
2026-01-02 09:43:51,74.51,586,43663
2026-01-02 09:43:52,74.51,510,38000
2026-01-02 09:43:53,74.51,538,40086
2026-01-02 09:43:54,74.51,552,41130
2026-01-02 09:43:55,74.51,534,39788
2026-01-02 09:43:56,74.51,540,40235
2026-01-02 09:43:57,74.51,575,42843
2026-01-02 09:43:58,74.51,529,39416
2026-01-02 09:43:59,74.51,540,40235
2026-01-02 09:44:00,74.51,544,40533
2026-01-02 09:44:01,74.51,525,39118
2026-01-02 09:44:02,74.51,549,40906
2026-01-02 09:44:03,74.51,548,40831
2026-01-02 09:44:04,74.51,584,43514
2026-01-02 09:44:05,74.51,558,41577
2026-01-02 09:44:06,74.51,552,41130
2026-01-02 09:44:07,74.51,549,40906
2026-01-02 09:44:08,74.51,532,39639
2026-01-02 09:44:09,74.51,554,41279
2026-01-02 09:44:10,74.51,578,43067
2026-01-02 09:44:11,74.51,544,40533
2026-01-02 09:44:12,74.51,594,44259
2026-01-02 09:44:13,74.51,561,41800
2026-01-02 09:44:14,74.51,518,38596
2026-01-02 09:44:15,74.51,541,40310
2026-01-02 09:44:16,74.51,544,40533
2026-01-02 09:44:17,74.51,552,41130
2026-01-02 09:44:18,74.51,600,44706
2026-01-02 09:44:19,74.51,540,40235
2026-01-02 09:44:20,74.51,571,42545
2026-01-02 09:44:21,74.51,532,39639
2026-01-02 09:44:22,74.51,566,42173
2026-01-02 09:44:23,74.51,538,40086
2026-01-02 09:44:24,74.51,552,41130
2026-01-02 09:44:25,74.51,590,43961
2026-01-02 09:44:26,74.51,581,43290
2026-01-02 09:44:27,74.51,565,42098
2026-01-02 09:44:28,74.51,562,41875
2026-01-02 09:44:29,74.51,531,39565
2026-01-02 09:44:30,74.51,570,42471
2026-01-02 09:44:31,74.51,547,40757
2026-01-02 09:44:32,74.51,591,44035
2026-01-02 09:44:33,74.51,529,39416
2026-01-02 09:44:34,74.51,532,39639
2026-01-02 09:44:35,74.51,568,42322
2026-01-02 09:44:36,74.51,528,39341
2026-01-02 09:44:37,74.51,566,42173
2026-01-02 09:44:38,74.51,544,40533
2026-01-02 09:44:39,74.51,515,38373
2026-01-02 09:44:40,74.51,577,42992
2026-01-02 09:44:41,74.51,549,40906
2026-01-02 09:44:42,74.51,528,39341
2026-01-02 09:44:43,74.51,571,42545
2026-01-02 09:44:44,74.51,564,42024
2026-01-02 09:44:45,74.51,545,40608
2026-01-02 09:44:46,74.51,552,41130
2026-01-02 09:44:47,74.51,525,39118
2026-01-02 09:44:48,74.51,531,39565
2026-01-02 09:44:49,74.51,517,38522
2026-01-02 09:44:50,74.51,546,40682
2026-01-02 09:44:51,74.51,526,39192
2026-01-02 09:44:52,74.51,572,42620
2026-01-02 09:44:53,74.51,536,39937
2026-01-02 09:44:54,74.51,537,40012
2026-01-02 09:44:55,74.51,554,41279
2026-01-02 09:44:56,74.51,541,40310
2026-01-02 09:44:57,74.51,555,41353
2026-01-02 09:44:58,74.51,554,41279
2026-01-02 09:44:59,74.51,565,42098
2026-01-02 09:45:00,74.51,577,42992
2026-01-02 09:45:01,74.51,574,42769
2026-01-02 09:45:02,74.51,576,42918
2026-01-02 09:45:03,74.51,530,39490
2026-01-02 09:45:04,74.51,531,39565
2026-01-02 09:45:05,74.51,535,39863
2026-01-02 09:45:06,74.51,518,38596
2026-01-02 09:45:07,74.51,550,40980
2026-01-02 09:45:08,74.51,541,40310
2026-01-02 09:45:09,74.51,546,40682
2026-01-02 09:45:10,74.51,528,39341
2026-01-02 09:45:11,74.51,516,38447
2026-01-02 09:45:12,74.51,546,40682
2026-01-02 09:45:13,74.51,543,40459
2026-01-02 09:45:14,74.51,566,42173
2026-01-02 09:45:15,74.51,496,36957
2026-01-02 09:45:16,74.51,544,40533
2026-01-02 09:45:17,74.51,530,39490
2026-01-02 09:45:18,74.51,565,42098
2026-01-02 09:45:19,74.51,541,40310
2026-01-02 09:45:20,74.51,536,39937
2026-01-02 09:45:21,74.51,544,40533
2026-01-02 09:45:22,74.51,508,37851
2026-01-02 09:45:23,74.51,602,44855
2026-01-02 09:45:24,74.51,528,39341
2026-01-02 09:45:25,74.51,540,40235
2026-01-02 09:45:26,74.51,548,40831
2026-01-02 09:45:27,74.51,558,41577
2026-01-02 09:45:28,74.51,533,39714
2026-01-02 09:45:29,74.51,560,41726
2026-01-02 09:45:30,74.51,560,41726
2026-01-02 09:45:31,74.51,591,44035
2026-01-02 09:45:32,74.51,579,43141
2026-01-02 09:45:33,74.51,555,41353
2026-01-02 09:45:34,74.51,589,43886
2026-01-02 09:45:35,74.51,547,40757
2026-01-02 09:45:36,74.51,536,39937
2026-01-02 09:45:37,74.51,555,41353
2026-01-02 09:45:38,74.51,545,40608
2026-01-02 09:45:39,74.51,550,40980
2026-01-02 09:45:40,74.51,576,42918
2026-01-02 09:45:41,74.51,555,41353
2026-01-02 09:45:42,74.51,603,44930
2026-01-02 09:45:43,74.51,515,38373
2026-01-02 09:45:44,74.51,518,38596
2026-01-02 09:45:45,74.51,502,37404
2026-01-02 09:45:46,74.51,545,40608
2026-01-02 09:45:47,74.51,545,40608
2026-01-02 09:45:48,74.51,566,42173
2026-01-02 09:45:49,74.51,517,38522
2026-01-02 09:45:50,74.51,497,37031
2026-01-02 09:45:51,74.51,567,42247
2026-01-02 09:45:52,74.51,525,39118
2026-01-02 09:45:53,74.51,526,39192
2026-01-02 09:45:54,74.51,546,40682
2026-01-02 09:45:55,74.51,576,42918
2026-01-02 09:45:56,74.51,505,37628
2026-01-02 09:45:57,74.51,560,41726
2026-01-02 09:45:58,74.51,551,41055
2026-01-02 09:45:59,74.51,549,40906
2026-01-02 09:46:00,74.51,541,40310
2026-01-02 09:46:01,74.51,544,40533
2026-01-02 09:46:02,74.51,502,37404
2026-01-02 09:46:03,74.51,549,40906
2026-01-02 09:46:04,74.51,562,41875
2026-01-02 09:46:05,74.51,537,40012
2026-01-02 09:46:06,74.51,524,39043
2026-01-02 09:46:07,74.51,562,41875
2026-01-02 09:46:08,74.51,578,43067
2026-01-02 09:46:09,74.51,539,40161
2026-01-02 09:46:10,74.51,512,38149
2026-01-02 09:46:11,74.51,582,43365
2026-01-02 09:46:12,74.51,548,40831
2026-01-02 09:46:13,74.51,499,37180
2026-01-02 09:46:14,74.51,562,41875
2026-01-02 09:46:15,74.51,594,44259
2026-01-02 09:46:16,74.51,524,39043
2026-01-02 09:46:17,74.51,543,40459
2026-01-02 09:46:18,74.51,559,41651
2026-01-02 09:46:19,74.51,563,41949
2026-01-02 09:46:20,74.51,474,35318
2026-01-02 09:46:21,74.51,585,43588
2026-01-02 09:46:22,74.51,545,40608
2026-01-02 09:46:23,74.51,540,40235
2026-01-02 09:46:24,74.51,577,42992
2026-01-02 09:46:25,74.51,508,37851
2026-01-02 09:46:26,74.51,544,40533
2026-01-02 09:46:27,74.51,552,41130
2026-01-02 09:46:28,74.51,528,39341
2026-01-02 09:46:29,74.51,554,41279
2026-01-02 09:46:30,74.51,551,41055
2026-01-02 09:46:31,74.51,563,41949
2026-01-02 09:46:32,74.51,571,42545
2026-01-02 09:46:33,74.51,519,38671
2026-01-02 09:46:34,74.51,568,42322
2026-01-02 09:46:35,74.51,496,36957
2026-01-02 09:46:36,74.51,579,43141
2026-01-02 09:46:37,74.51,540,40235
2026-01-02 09:46:38,74.51,545,40608
2026-01-02 09:46:39,74.51,555,41353
2026-01-02 09:46:40,74.51,548,40831
2026-01-02 09:46:41,74.51,538,40086
2026-01-02 09:46:42,74.51,502,37404
2026-01-02 09:46:43,74.51,527,39267
2026-01-02 09:46:44,74.51,537,40012
2026-01-02 09:46:45,74.51,538,40086
2026-01-02 09:46:46,74.51,542,40384
2026-01-02 09:46:47,74.51,561,41800
2026-01-02 09:46:48,74.51,541,40310
2026-01-02 09:46:49,74.51,503,37479
2026-01-02 09:46:50,74.51,543,40459
2026-01-02 09:46:51,74.51,494,36808
2026-01-02 09:46:52,74.51,537,40012
2026-01-02 09:46:53,74.51,512,38149
2026-01-02 09:46:54,74.51,531,39565
2026-01-02 09:46:55,74.51,555,41353
2026-01-02 09:46:56,74.51,539,40161
2026-01-02 09:46:57,74.51,582,43365
2026-01-02 09:46:58,74.51,575,42843
2026-01-02 09:46:59,74.51,544,40533
2026-01-02 09:47:00,74.51,500,37255
2026-01-02 09:47:01,74.51,554,41279
2026-01-02 09:47:02,74.51,575,42843
2026-01-02 09:47:03,74.51,597,44482
2026-01-02 09:47:04,74.51,504,37553
2026-01-02 09:47:05,74.51,546,40682
2026-01-02 09:47:06,74.51,552,41130
2026-01-02 09:47:07,74.51,536,39937
2026-01-02 09:47:08,74.51,564,42024
2026-01-02 09:47:09,74.51,520,38745
2026-01-02 09:47:10,74.51,513,38224
2026-01-02 09:47:11,74.51,556,41428
2026-01-02 09:47:12,74.51,511,38075
2026-01-02 09:47:13,74.51,533,39714
2026-01-02 09:47:14,74.51,564,42024
2026-01-02 09:47:15,74.51,554,41279
2026-01-02 09:47:16,74.51,545,40608
2026-01-02 09:47:17,74.51,513,38224
2026-01-02 09:47:18,74.51,535,39863
2026-01-02 09:47:19,74.51,538,40086
2026-01-02 09:47:20,74.51,577,42992
2026-01-02 09:47:21,74.51,520,38745
2026-01-02 09:47:22,74.51,522,38894
2026-01-02 09:47:23,74.51,558,41577
2026-01-02 09:47:24,74.51,547,40757
2026-01-02 09:47:25,74.51,498,37106
2026-01-02 09:47:26,74.51,520,38745
2026-01-02 09:47:27,74.51,544,40533
2026-01-02 09:47:28,74.51,532,39639
2026-01-02 09:47:29,74.51,521,38820
2026-01-02 09:47:30,74.51,500,37255
2026-01-02 09:47:31,74.51,530,39490
2026-01-02 09:47:32,74.51,546,40682
2026-01-02 09:47:33,74.51,575,42843
2026-01-02 09:47:34,74.51,479,35690
2026-01-02 09:47:35,74.51,527,39267
2026-01-02 09:47:36,74.51,519,38671
2026-01-02 09:47:37,74.51,517,38522
2026-01-02 09:47:38,74.51,534,39788
2026-01-02 09:47:39,74.51,529,39416
2026-01-02 09:47:40,74.51,555,41353
2026-01-02 09:47:41,74.51,528,39341
2026-01-02 09:47:42,74.51,573,42694
2026-01-02 09:47:43,74.51,531,39565
2026-01-02 09:47:44,74.51,490,36510
2026-01-02 09:47:45,74.51,571,42545
2026-01-02 09:47:46,74.51,529,39416
2026-01-02 09:47:47,74.51,508,37851
2026-01-02 09:47:48,74.51,555,41353
2026-01-02 09:47:49,74.51,535,39863
2026-01-02 09:47:50,74.51,551,41055
2026-01-02 09:47:51,74.51,543,40459
2026-01-02 09:47:52,74.51,506,37702
2026-01-02 09:47:53,74.51,518,38596
2026-01-02 09:47:54,74.51,552,41130
2026-01-02 09:47:55,74.51,568,42322
2026-01-02 09:47:56,74.51,533,39714
2026-01-02 09:47:57,74.51,508,37851
2026-01-02 09:47:58,74.51,537,40012
2026-01-02 09:47:59,74.51,539,40161
2026-01-02 09:48:00,74.51,531,39565
2026-01-02 09:48:01,74.51,533,39714
2026-01-02 09:48:02,74.51,554,41279
2026-01-02 09:48:03,74.51,475,35392
2026-01-02 09:48:04,74.51,539,40161
2026-01-02 09:48:05,74.51,561,41800
2026-01-02 09:48:06,74.51,524,39043
2026-01-02 09:48:07,74.51,504,37553
2026-01-02 09:48:08,74.51,531,39565
2026-01-02 09:48:09,74.51,548,40831
2026-01-02 09:48:10,74.51,512,38149
2026-01-02 09:48:11,74.51,524,39043
2026-01-02 09:48:12,74.51,542,40384
2026-01-02 09:48:13,74.51,556,41428
2026-01-02 09:48:14,74.51,457,34051
2026-01-02 09:48:15,74.51,566,42173
2026-01-02 09:48:16,74.51,573,42694
2026-01-02 09:48:17,74.51,546,40682
2026-01-02 09:48:18,74.51,513,38224
2026-01-02 09:48:19,74.51,533,39714
2026-01-02 09:48:20,74.51,571,42545
2026-01-02 09:48:21,74.51,534,39788
2026-01-02 09:48:22,74.51,542,40384
2026-01-02 09:48:23,74.51,527,39267
2026-01-02 09:48:24,74.51,519,38671
2026-01-02 09:48:25,74.51,519,38671
2026-01-02 09:48:26,74.51,518,38596
2026-01-02 09:48:27,74.51,532,39639
2026-01-02 09:48:28,74.51,548,40831
2026-01-02 09:48:29,74.51,536,39937
2026-01-02 09:48:30,74.51,497,37031
2026-01-02 09:48:31,74.51,563,41949
2026-01-02 09:48:32,74.51,555,41353
2026-01-02 09:48:33,74.51,534,39788
2026-01-02 09:48:34,74.51,493,36733
2026-01-02 09:48:35,74.51,537,40012
2026-01-02 09:48:36,74.51,555,41353
2026-01-02 09:48:37,74.51,546,40682
2026-01-02 09:48:38,74.51,549,40906
2026-01-02 09:48:39,74.51,495,36882
2026-01-02 09:48:40,74.51,525,39118
2026-01-02 09:48:41,74.51,496,36957
2026-01-02 09:48:42,74.51,546,40682
2026-01-02 09:48:43,74.51,561,41800
2026-01-02 09:48:44,74.51,527,39267
2026-01-02 09:48:45,74.51,533,39714
2026-01-02 09:48:46,74.51,477,35541
2026-01-02 09:48:47,74.51,498,37106
2026-01-02 09:48:48,74.51,524,39043
2026-01-02 09:48:49,74.51,524,39043
2026-01-02 09:48:50,74.51,536,39937
2026-01-02 09:48:51,74.51,502,37404
2026-01-02 09:48:52,74.51,552,41130
2026-01-02 09:48:53,74.51,555,41353
2026-01-02 09:48:54,74.51,557,41502
2026-01-02 09:48:55,74.51,547,40757
2026-01-02 09:48:56,74.51,524,39043
2026-01-02 09:48:57,74.51,511,38075
2026-01-02 09:48:58,74.51,495,36882
2026-01-02 09:48:59,74.51,526,39192
2026-01-02 09:49:00,74.51,541,40310
2026-01-02 09:49:01,74.51,520,38745
2026-01-02 09:49:02,74.51,500,37255
2026-01-02 09:49:03,74.51,537,40012
2026-01-02 09:49:04,74.51,532,39639
2026-01-02 09:49:05,74.51,550,40980
2026-01-02 09:49:06,74.51,522,38894
2026-01-02 09:49:07,74.51,541,40310
2026-01-02 09:49:08,74.51,495,36882
2026-01-02 09:49:09,74.51,536,39937
2026-01-02 09:49:10,74.51,566,42173
2026-01-02 09:49:11,74.51,515,38373
2026-01-02 09:49:12,74.51,522,38894
2026-01-02 09:49:13,74.51,529,39416
2026-01-02 09:49:14,74.51,506,37702
2026-01-02 09:49:15,74.51,513,38224
2026-01-02 09:49:16,74.51,563,41949
2026-01-02 09:49:17,74.51,519,38671
2026-01-02 09:49:18,74.51,494,36808
2026-01-02 09:49:19,74.51,515,38373
2026-01-02 09:49:20,74.51,499,37180
2026-01-02 09:49:21,74.51,550,40980
2026-01-02 09:49:22,74.51,495,36882
2026-01-02 09:49:23,74.51,526,39192
2026-01-02 09:49:24,74.51,489,36435
2026-01-02 09:49:25,74.51,558,41577
2026-01-02 09:49:26,74.51,550,40980
2026-01-02 09:49:27,74.51,518,38596
2026-01-02 09:49:28,74.51,521,38820
2026-01-02 09:49:29,74.51,528,39341
2026-01-02 09:49:30,74.51,513,38224
2026-01-02 09:49:31,74.51,486,36212
2026-01-02 09:49:32,74.51,511,38075
2026-01-02 09:49:33,74.51,525,39118
2026-01-02 09:49:34,74.51,486,36212
2026-01-02 09:49:35,74.51,542,40384
2026-01-02 09:49:36,74.51,517,38522
2026-01-02 09:49:37,74.51,496,36957
2026-01-02 09:49:38,74.51,547,40757
2026-01-02 09:49:39,74.51,479,35690
2026-01-02 09:49:40,74.51,527,39267
2026-01-02 09:49:41,74.51,564,42024
2026-01-02 09:49:42,74.51,540,40235
2026-01-02 09:49:43,74.51,525,39118
2026-01-02 09:49:44,74.51,564,42024
2026-01-02 09:49:45,74.51,517,38522
2026-01-02 09:49:46,74.51,566,42173
2026-01-02 09:49:47,74.51,552,41130
2026-01-02 09:49:48,74.51,483,35988
2026-01-02 09:49:49,74.51,526,39192
2026-01-02 09:49:50,74.51,475,35392
2026-01-02 09:49:51,74.51,525,39118
2026-01-02 09:49:52,74.51,532,39639
2026-01-02 09:49:53,74.51,484,36063
2026-01-02 09:49:54,74.51,522,38894
2026-01-02 09:49:55,74.51,538,40086
2026-01-02 09:49:56,74.51,484,36063
2026-01-02 09:49:57,74.51,545,40608
2026-01-02 09:49:58,74.51,563,41949
2026-01-02 09:49:59,74.51,532,39639
2026-01-02 09:50:00,74.51,538,40086
2026-01-02 09:50:01,74.51,540,40235
2026-01-02 09:50:02,74.51,575,42843
2026-01-02 09:50:03,74.51,468,34871
2026-01-02 09:50:04,74.51,505,37628
2026-01-02 09:50:05,74.51,495,36882
2026-01-02 09:50:06,74.51,487,36286
2026-01-02 09:50:07,74.51,537,40012
2026-01-02 09:50:08,74.51,515,38373
2026-01-02 09:50:09,74.51,511,38075
2026-01-02 09:50:10,74.51,518,38596
2026-01-02 09:50:11,74.51,496,36957
2026-01-02 09:50:12,74.51,508,37851
2026-01-02 09:50:13,74.51,502,37404
2026-01-02 09:50:14,74.51,532,39639
2026-01-02 09:50:15,74.51,531,39565
2026-01-02 09:50:16,74.51,533,39714
2026-01-02 09:50:17,74.51,528,39341
2026-01-02 09:50:18,74.51,546,40682
2026-01-02 09:50:19,74.51,505,37628
2026-01-02 09:50:20,74.51,526,39192
2026-01-02 09:50:21,74.51,509,37926
2026-01-02 09:50:22,74.51,462,34424
2026-01-02 09:50:23,74.51,515,38373
2026-01-02 09:50:24,74.51,514,38298
2026-01-02 09:50:25,74.51,550,40980
2026-01-02 09:50:26,74.51,529,39416
2026-01-02 09:50:27,74.51,504,37553
2026-01-02 09:50:28,74.51,527,39267
2026-01-02 09:50:29,74.51,512,38149
2026-01-02 09:50:30,74.51,510,38000
2026-01-02 09:50:31,74.51,512,38149
2026-01-02 09:50:32,74.51,546,40682
2026-01-02 09:50:33,74.51,506,37702
2026-01-02 09:50:34,74.51,532,39639
2026-01-02 09:50:35,74.51,520,38745
2026-01-02 09:50:36,74.51,488,36361
2026-01-02 09:50:37,74.51,525,39118
2026-01-02 09:50:38,74.51,553,41204
2026-01-02 09:50:39,74.51,512,38149
2026-01-02 09:50:40,74.51,522,38894
2026-01-02 09:50:41,74.51,496,36957
2026-01-02 09:50:42,74.51,495,36882
2026-01-02 09:50:43,74.51,499,37180
2026-01-02 09:50:44,74.51,523,38969
2026-01-02 09:50:45,74.51,548,40831
2026-01-02 09:50:46,74.51,503,37479
2026-01-02 09:50:47,74.51,508,37851
2026-01-02 09:50:48,74.51,523,38969
2026-01-02 09:50:49,74.51,542,40384
2026-01-02 09:50:50,74.51,502,37404
2026-01-02 09:50:51,74.51,542,40384
2026-01-02 09:50:52,74.51,493,36733
2026-01-02 09:50:53,74.51,483,35988
2026-01-02 09:50:54,74.51,516,38447
2026-01-02 09:50:55,74.51,475,35392
2026-01-02 09:50:56,74.51,534,39788
2026-01-02 09:50:57,74.51,513,38224
2026-01-02 09:50:58,74.51,494,36808
2026-01-02 09:50:59,74.51,576,42918
2026-01-02 09:51:00,74.51,517,38522
2026-01-02 09:51:01,74.51,496,36957
2026-01-02 09:51:02,74.51,504,37553
2026-01-02 09:51:03,74.51,562,41875
2026-01-02 09:51:04,74.51,500,37255
2026-01-02 09:51:05,74.51,507,37777
2026-01-02 09:51:06,74.51,540,40235
2026-01-02 09:51:07,74.51,492,36659
2026-01-02 09:51:08,74.51,542,40384
2026-01-02 09:51:09,74.51,476,35467
2026-01-02 09:51:10,74.51,508,37851
2026-01-02 09:51:11,74.51,470,35020
2026-01-02 09:51:12,74.51,508,37851
2026-01-02 09:51:13,74.51,515,38373
2026-01-02 09:51:14,74.51,513,38224
2026-01-02 09:51:15,74.51,465,34647
2026-01-02 09:51:16,74.51,499,37180
2026-01-02 09:51:17,74.51,506,37702
2026-01-02 09:51:18,74.51,492,36659
2026-01-02 09:51:19,74.51,492,36659
2026-01-02 09:51:20,74.51,503,37479
2026-01-02 09:51:21,74.51,490,36510
2026-01-02 09:51:22,74.51,531,39565
2026-01-02 09:51:23,74.51,493,36733
2026-01-02 09:51:24,74.51,565,42098
2026-01-02 09:51:25,74.51,488,36361
2026-01-02 09:51:26,74.51,486,36212
2026-01-02 09:51:27,74.51,506,37702
2026-01-02 09:51:28,74.51,545,40608
2026-01-02 09:51:29,74.51,516,38447
2026-01-02 09:51:30,74.51,493,36733
2026-01-02 09:51:31,74.51,518,38596
2026-01-02 09:51:32,74.51,546,40682
2026-01-02 09:51:33,74.51,519,38671
2026-01-02 09:51:34,74.51,506,37702
2026-01-02 09:51:35,74.51,529,39416
2026-01-02 09:51:36,74.51,502,37404
2026-01-02 09:51:37,74.51,511,38075
2026-01-02 09:51:38,74.51,524,39043
2026-01-02 09:51:39,74.51,495,36882
2026-01-02 09:51:40,74.51,508,37851
2026-01-02 09:51:41,74.51,502,37404
2026-01-02 09:51:42,74.51,501,37330
2026-01-02 09:51:43,74.51,551,41055
2026-01-02 09:51:44,74.51,482,35914
2026-01-02 09:51:45,74.51,525,39118
2026-01-02 09:51:46,74.51,546,40682
2026-01-02 09:51:47,74.51,451,33604
2026-01-02 09:51:48,74.51,501,37330
2026-01-02 09:51:49,74.51,494,36808
2026-01-02 09:51:50,74.51,492,36659
2026-01-02 09:51:51,74.51,540,40235
2026-01-02 09:51:52,74.51,546,40682
2026-01-02 09:51:53,74.51,525,39118
2026-01-02 09:51:54,74.51,482,35914
2026-01-02 09:51:55,74.51,482,35914
2026-01-02 09:51:56,74.51,513,38224
2026-01-02 09:51:57,74.51,533,39714
2026-01-02 09:51:58,74.51,551,41055
2026-01-02 09:51:59,74.51,463,34498
2026-01-02 09:52:00,74.51,508,37851
2026-01-02 09:52:01,74.51,499,37180
2026-01-02 09:52:02,74.51,515,38373
2026-01-02 09:52:03,74.51,517,38522
2026-01-02 09:52:04,74.51,542,40384
2026-01-02 09:52:05,74.51,523,38969
2026-01-02 09:52:06,74.51,470,35020
2026-01-02 09:52:07,74.51,552,41130
2026-01-02 09:52:08,74.51,524,39043
2026-01-02 09:52:09,74.51,481,35839
2026-01-02 09:52:10,74.51,502,37404
2026-01-02 09:52:11,74.51,475,35392
2026-01-02 09:52:12,74.51,536,39937
2026-01-02 09:52:13,74.51,543,40459
2026-01-02 09:52:14,74.51,543,40459
2026-01-02 09:52:15,74.51,496,36957
2026-01-02 09:52:16,74.51,475,35392
2026-01-02 09:52:17,74.51,528,39341
2026-01-02 09:52:18,74.51,501,37330
2026-01-02 09:52:19,74.51,498,37106
2026-01-02 09:52:20,74.51,535,39863
2026-01-02 09:52:21,74.51,472,35169
2026-01-02 09:52:22,74.51,511,38075
2026-01-02 09:52:23,74.51,481,35839
2026-01-02 09:52:24,74.51,509,37926
2026-01-02 09:52:25,74.51,534,39788
2026-01-02 09:52:26,74.51,498,37106
2026-01-02 09:52:27,74.51,511,38075
2026-01-02 09:52:28,74.51,478,35616
2026-01-02 09:52:29,74.51,518,38596
2026-01-02 09:52:30,74.51,514,38298
2026-01-02 09:52:31,74.51,469,34945
2026-01-02 09:52:32,74.51,511,38075
2026-01-02 09:52:33,74.51,506,37702
2026-01-02 09:52:34,74.51,529,39416
2026-01-02 09:52:35,74.51,475,35392
2026-01-02 09:52:36,74.51,498,37106
2026-01-02 09:52:37,74.51,494,36808
2026-01-02 09:52:38,74.51,508,37851
2026-01-02 09:52:39,74.51,507,37777
2026-01-02 09:52:40,74.51,452,33679
2026-01-02 09:52:41,74.51,527,39267
2026-01-02 09:52:42,74.51,533,39714
2026-01-02 09:52:43,74.51,488,36361
2026-01-02 09:52:44,74.51,497,37031
2026-01-02 09:52:45,74.51,491,36584
2026-01-02 09:52:46,74.51,500,37255
2026-01-02 09:52:47,74.51,535,39863
2026-01-02 09:52:48,74.51,490,36510
2026-01-02 09:52:49,74.51,508,37851
2026-01-02 09:52:50,74.51,514,38298
2026-01-02 09:52:51,74.51,484,36063
2026-01-02 09:52:52,74.51,520,38745
2026-01-02 09:52:53,74.51,506,37702
2026-01-02 09:52:54,74.51,502,37404
2026-01-02 09:52:55,74.51,510,38000
2026-01-02 09:52:56,74.51,510,38000
2026-01-02 09:52:57,74.51,525,39118
2026-01-02 09:52:58,74.51,475,35392
2026-01-02 09:52:59,74.51,514,38298
2026-01-02 09:53:00,74.51,494,36808
2026-01-02 09:53:01,74.51,479,35690
2026-01-02 09:53:02,74.51,509,37926
2026-01-02 09:53:03,74.51,531,39565
2026-01-02 09:53:04,74.51,502,37404
2026-01-02 09:53:05,74.51,482,35914
2026-01-02 09:53:06,74.51,533,39714
2026-01-02 09:53:07,74.51,539,40161
2026-01-02 09:53:08,74.51,493,36733
2026-01-02 09:53:09,74.51,479,35690
2026-01-02 09:53:10,74.51,514,38298
2026-01-02 09:53:11,74.51,484,36063
2026-01-02 09:53:12,74.51,540,40235
2026-01-02 09:53:13,74.51,533,39714
2026-01-02 09:53:14,74.51,520,38745
2026-01-02 09:53:15,74.51,496,36957
2026-01-02 09:53:16,74.51,529,39416
2026-01-02 09:53:17,74.51,516,38447
2026-01-02 09:53:18,74.51,503,37479
2026-01-02 09:53:19,74.51,511,38075
2026-01-02 09:53:20,74.51,525,39118
2026-01-02 09:53:21,74.51,524,39043
2026-01-02 09:53:22,74.51,496,36957
2026-01-02 09:53:23,74.51,484,36063
2026-01-02 09:53:24,74.51,478,35616
2026-01-02 09:53:25,74.51,540,40235
2026-01-02 09:53:26,74.51,498,37106
2026-01-02 09:53:27,74.51,466,34722
2026-01-02 09:53:28,74.51,496,36957
2026-01-02 09:53:29,74.51,507,37777
2026-01-02 09:53:30,74.51,494,36808
2026-01-02 09:53:31,74.51,548,40831
2026-01-02 09:53:32,74.51,493,36733
2026-01-02 09:53:33,74.51,510,38000
2026-01-02 09:53:34,74.51,505,37628
2026-01-02 09:53:35,74.51,508,37851
2026-01-02 09:53:36,74.51,497,37031
2026-01-02 09:53:37,74.51,553,41204
2026-01-02 09:53:38,74.51,511,38075
2026-01-02 09:53:39,74.51,507,37777
2026-01-02 09:53:40,74.51,484,36063
2026-01-02 09:53:41,74.51,497,37031
2026-01-02 09:53:42,74.51,497,37031
2026-01-02 09:53:43,74.51,522,38894
2026-01-02 09:53:44,74.51,532,39639
2026-01-02 09:53:45,74.51,512,38149
2026-01-02 09:53:46,74.51,454,33828
2026-01-02 09:53:47,74.51,510,38000
2026-01-02 09:53:48,74.51,460,34275
2026-01-02 09:53:49,74.51,481,35839
2026-01-02 09:53:50,74.51,465,34647
2026-01-02 09:53:51,74.51,469,34945
2026-01-02 09:53:52,74.51,524,39043
2026-01-02 09:53:53,74.51,529,39416
2026-01-02 09:53:54,74.51,505,37628
2026-01-02 09:53:55,74.51,519,38671
2026-01-02 09:53:56,74.51,479,35690
2026-01-02 09:53:57,74.51,504,37553
2026-01-02 09:53:58,74.51,495,36882
2026-01-02 09:53:59,74.51,485,36137
2026-01-02 09:54:00,74.51,518,38596
2026-01-02 09:54:01,74.51,536,39937
2026-01-02 09:54:02,74.51,493,36733
2026-01-02 09:54:03,74.51,543,40459
2026-01-02 09:54:04,74.51,488,36361
2026-01-02 09:54:05,74.51,505,37628
2026-01-02 09:54:06,74.51,505,37628
2026-01-02 09:54:07,74.51,536,39937
2026-01-02 09:54:08,74.51,509,37926
2026-01-02 09:54:09,74.51,469,34945
2026-01-02 09:54:10,74.51,482,35914
2026-01-02 09:54:11,74.51,504,37553
2026-01-02 09:54:12,74.51,496,36957
2026-01-02 09:54:13,74.51,476,35467
2026-01-02 09:54:14,74.51,440,32784
2026-01-02 09:54:15,74.51,498,37106
2026-01-02 09:54:16,74.51,499,37180
2026-01-02 09:54:17,74.51,474,35318
2026-01-02 09:54:18,74.51,500,37255
2026-01-02 09:54:19,74.51,483,35988
2026-01-02 09:54:20,74.51,513,38224
2026-01-02 09:54:21,74.51,512,38149
2026-01-02 09:54:22,74.51,516,38447
2026-01-02 09:54:23,74.51,487,36286
2026-01-02 09:54:24,74.51,516,38447
2026-01-02 09:54:25,74.51,481,35839
2026-01-02 09:54:26,74.51,532,39639
2026-01-02 09:54:27,74.51,513,38224
2026-01-02 09:54:28,74.51,489,36435
2026-01-02 09:54:29,74.51,494,36808
2026-01-02 09:54:30,74.51,485,36137
2026-01-02 09:54:31,74.51,500,37255
2026-01-02 09:54:32,74.51,475,35392
2026-01-02 09:54:33,74.51,487,36286
2026-01-02 09:54:34,74.51,480,35765
2026-01-02 09:54:35,74.51,497,37031
2026-01-02 09:54:36,74.51,519,38671
2026-01-02 09:54:37,74.51,479,35690
2026-01-02 09:54:38,74.51,508,37851
2026-01-02 09:54:39,74.51,496,36957
2026-01-02 09:54:40,74.51,455,33902
2026-01-02 09:54:41,74.51,478,35616
2026-01-02 09:54:42,74.51,504,37553
2026-01-02 09:54:43,74.51,505,37628
2026-01-02 09:54:44,74.51,489,36435
2026-01-02 09:54:45,74.51,537,40012
2026-01-02 09:54:46,74.51,451,33604
2026-01-02 09:54:47,74.51,488,36361
2026-01-02 09:54:48,74.51,489,36435
2026-01-02 09:54:49,74.51,507,37777
2026-01-02 09:54:50,74.51,470,35020
2026-01-02 09:54:51,74.51,466,34722
2026-01-02 09:54:52,74.51,488,36361
2026-01-02 09:54:53,74.51,497,37031
2026-01-02 09:54:54,74.51,527,39267
2026-01-02 09:54:55,74.51,467,34796
2026-01-02 09:54:56,74.51,484,36063
2026-01-02 09:54:57,74.51,530,39490
2026-01-02 09:54:58,74.51,490,36510
2026-01-02 09:54:59,74.51,497,37031
2026-01-02 09:55:00,74.51,454,33828
2026-01-02 09:55:01,74.51,488,36361
2026-01-02 09:55:02,74.51,498,37106
2026-01-02 09:55:03,74.51,496,36957
2026-01-02 09:55:04,74.51,483,35988
2026-01-02 09:55:05,74.51,480,35765
2026-01-02 09:55:06,74.51,518,38596
2026-01-02 09:55:07,74.51,495,36882
2026-01-02 09:55:08,74.51,504,37553
2026-01-02 09:55:09,74.51,495,36882
2026-01-02 09:55:10,74.51,506,37702
2026-01-02 09:55:11,74.51,490,36510
2026-01-02 09:55:12,74.51,467,34796
2026-01-02 09:55:13,74.51,516,38447
2026-01-02 09:55:14,74.51,489,36435
2026-01-02 09:55:15,74.51,520,38745
2026-01-02 09:55:16,74.51,483,35988
2026-01-02 09:55:17,74.51,491,36584
2026-01-02 09:55:18,74.51,500,37255
2026-01-02 09:55:19,74.51,511,38075
2026-01-02 09:55:20,74.51,486,36212
2026-01-02 09:55:21,74.51,468,34871
2026-01-02 09:55:22,74.51,473,35243
2026-01-02 09:55:23,74.51,484,36063
2026-01-02 09:55:24,74.51,497,37031
2026-01-02 09:55:25,74.51,493,36733
2026-01-02 09:55:26,74.51,517,38522
2026-01-02 09:55:27,74.51,529,39416
2026-01-02 09:55:28,74.51,498,37106
2026-01-02 09:55:29,74.51,508,37851
2026-01-02 09:55:30,74.51,520,38745
2026-01-02 09:55:31,74.51,496,36957
2026-01-02 09:55:32,74.51,484,36063
2026-01-02 09:55:33,74.51,491,36584
2026-01-02 09:55:34,74.51,482,35914
2026-01-02 09:55:35,74.51,503,37479
2026-01-02 09:55:36,74.51,479,35690
2026-01-02 09:55:37,74.51,503,37479
2026-01-02 09:55:38,74.51,489,36435
2026-01-02 09:55:39,74.51,498,37106
2026-01-02 09:55:40,74.51,486,36212
2026-01-02 09:55:41,74.51,475,35392
2026-01-02 09:55:42,74.51,473,35243
2026-01-02 09:55:43,74.51,521,38820
2026-01-02 09:55:44,74.51,441,32859
2026-01-02 09:55:45,74.51,494,36808
2026-01-02 09:55:46,74.51,459,34200
2026-01-02 09:55:47,74.51,474,35318
2026-01-02 09:55:48,74.51,424,31592
2026-01-02 09:55:49,74.51,454,33828
2026-01-02 09:55:50,74.51,470,35020
2026-01-02 09:55:51,74.51,491,36584
2026-01-02 09:55:52,74.51,468,34871
2026-01-02 09:55:53,74.51,493,36733
2026-01-02 09:55:54,74.51,515,38373
2026-01-02 09:55:55,74.51,513,38224
2026-01-02 09:55:56,74.51,515,38373
2026-01-02 09:55:57,74.51,508,37851
2026-01-02 09:55:58,74.51,482,35914
2026-01-02 09:55:59,74.51,483,35988
2026-01-02 09:56:00,74.51,522,38894
2026-01-02 09:56:01,74.51,527,39267
2026-01-02 09:56:02,74.51,472,35169
2026-01-02 09:56:03,74.51,498,37106
2026-01-02 09:56:04,74.51,526,39192
2026-01-02 09:56:05,74.51,489,36435
2026-01-02 09:56:06,74.51,521,38820
2026-01-02 09:56:07,74.51,479,35690
2026-01-02 09:56:08,74.51,481,35839
2026-01-02 09:56:09,74.51,471,35094
2026-01-02 09:56:10,74.51,490,36510
2026-01-02 09:56:11,74.51,511,38075
2026-01-02 09:56:12,74.51,523,38969
2026-01-02 09:56:13,74.51,499,37180
2026-01-02 09:56:14,74.51,482,35914
2026-01-02 09:56:15,74.51,526,39192
2026-01-02 09:56:16,74.51,442,32933
2026-01-02 09:56:17,74.51,473,35243
2026-01-02 09:56:18,74.51,447,33306
2026-01-02 09:56:19,74.51,481,35839
2026-01-02 09:56:20,74.51,466,34722
2026-01-02 09:56:21,74.51,519,38671
2026-01-02 09:56:22,74.51,506,37702
2026-01-02 09:56:23,74.51,501,37330
2026-01-02 09:56:24,74.51,475,35392
2026-01-02 09:56:25,74.51,494,36808
2026-01-02 09:56:26,74.51,478,35616
2026-01-02 09:56:27,74.51,484,36063
2026-01-02 09:56:28,74.51,492,36659
2026-01-02 09:56:29,74.51,543,40459
2026-01-02 09:56:30,74.51,459,34200
2026-01-02 09:56:31,74.51,473,35243
2026-01-02 09:56:32,74.51,500,37255
2026-01-02 09:56:33,74.51,477,35541
2026-01-02 09:56:34,74.51,519,38671
2026-01-02 09:56:35,74.51,496,36957
2026-01-02 09:56:36,74.51,445,33157
2026-01-02 09:56:37,74.51,464,34573
2026-01-02 09:56:38,74.51,507,37777
2026-01-02 09:56:39,74.51,478,35616
2026-01-02 09:56:40,74.51,492,36659
2026-01-02 09:56:41,74.51,501,37330
2026-01-02 09:56:42,74.51,518,38596
2026-01-02 09:56:43,74.51,473,35243
2026-01-02 09:56:44,74.51,516,38447
2026-01-02 09:56:45,74.51,517,38522
2026-01-02 09:56:46,74.51,478,35616
2026-01-02 09:56:47,74.51,494,36808
2026-01-02 09:56:48,74.51,509,37926
2026-01-02 09:56:49,74.51,484,36063
2026-01-02 09:56:50,74.51,463,34498
2026-01-02 09:56:51,74.51,501,37330
2026-01-02 09:56:52,74.51,496,36957
2026-01-02 09:56:53,74.51,492,36659
2026-01-02 09:56:54,74.51,478,35616
2026-01-02 09:56:55,74.51,475,35392
2026-01-02 09:56:56,74.51,472,35169
2026-01-02 09:56:57,74.51,514,38298
2026-01-02 09:56:58,74.51,456,33977
2026-01-02 09:56:59,74.51,502,37404
2026-01-02 09:57:00,74.51,477,35541
2026-01-02 09:57:01,74.51,480,35765
2026-01-02 09:57:02,74.51,501,37330
2026-01-02 09:57:03,74.51,476,35467
2026-01-02 09:57:04,74.51,458,34126
2026-01-02 09:57:05,74.51,507,37777
2026-01-02 09:57:06,74.51,481,35839
2026-01-02 09:57:07,74.51,519,38671
2026-01-02 09:57:08,74.51,461,34349
2026-01-02 09:57:09,74.51,499,37180
2026-01-02 09:57:10,74.51,482,35914
2026-01-02 09:57:11,74.51,528,39341
2026-01-02 09:57:12,74.51,477,35541
2026-01-02 09:57:13,74.51,408,30400
2026-01-02 09:57:14,74.51,453,33753
2026-01-02 09:57:15,74.51,480,35765
2026-01-02 09:57:16,74.51,509,37926
2026-01-02 09:57:17,74.51,466,34722
2026-01-02 09:57:18,74.51,470,35020
2026-01-02 09:57:19,74.51,453,33753
2026-01-02 09:57:20,74.51,488,36361
2026-01-02 09:57:21,74.51,438,32635
2026-01-02 09:57:22,74.51,494,36808
2026-01-02 09:57:23,74.51,496,36957
2026-01-02 09:57:24,74.51,486,36212
2026-01-02 09:57:25,74.51,471,35094
2026-01-02 09:57:26,74.51,462,34424
2026-01-02 09:57:27,74.51,468,34871
2026-01-02 09:57:28,74.51,491,36584
2026-01-02 09:57:29,74.51,515,38373
2026-01-02 09:57:30,74.51,473,35243
2026-01-02 09:57:31,74.51,497,37031
2026-01-02 09:57:32,74.51,498,37106
2026-01-02 09:57:33,74.51,514,38298
2026-01-02 09:57:34,74.51,504,37553
2026-01-02 09:57:35,74.51,464,34573
2026-01-02 09:57:36,74.51,483,35988
2026-01-02 09:57:37,74.51,449,33455
2026-01-02 09:57:38,74.51,465,34647
2026-01-02 09:57:39,74.51,483,35988
2026-01-02 09:57:40,74.51,470,35020
2026-01-02 09:57:41,74.51,522,38894
2026-01-02 09:57:42,74.51,459,34200
2026-01-02 09:57:43,74.51,480,35765
2026-01-02 09:57:44,74.51,460,34275
2026-01-02 09:57:45,74.51,505,37628
2026-01-02 09:57:46,74.51,495,36882
2026-01-02 09:57:47,74.51,488,36361
2026-01-02 09:57:48,74.51,505,37628
2026-01-02 09:57:49,74.51,429,31965
2026-01-02 09:57:50,74.51,508,37851
2026-01-02 09:57:51,74.51,497,37031
2026-01-02 09:57:52,74.51,470,35020
2026-01-02 09:57:53,74.51,469,34945
2026-01-02 09:57:54,74.51,437,32561
2026-01-02 09:57:55,74.51,483,35988
2026-01-02 09:57:56,74.51,490,36510
2026-01-02 09:57:57,74.51,497,37031
2026-01-02 09:57:58,74.51,482,35914
2026-01-02 09:57:59,74.51,471,35094
2026-01-02 09:58:00,74.51,510,38000
2026-01-02 09:58:01,74.51,443,33008
2026-01-02 09:58:02,74.51,459,34200
2026-01-02 09:58:03,74.51,452,33679
2026-01-02 09:58:04,74.51,508,37851
2026-01-02 09:58:05,74.51,482,35914
2026-01-02 09:58:06,74.51,475,35392
2026-01-02 09:58:07,74.51,486,36212
2026-01-02 09:58:08,74.51,478,35616
2026-01-02 09:58:09,74.51,478,35616
2026-01-02 09:58:10,74.51,510,38000
2026-01-02 09:58:11,74.51,481,35839
2026-01-02 09:58:12,74.51,477,35541
2026-01-02 09:58:13,74.51,514,38298
2026-01-02 09:58:14,74.51,494,36808
2026-01-02 09:58:15,74.51,467,34796
2026-01-02 09:58:16,74.51,465,34647
2026-01-02 09:58:17,74.51,469,34945
2026-01-02 09:58:18,74.51,500,37255
2026-01-02 09:58:19,74.51,485,36137
2026-01-02 09:58:20,74.51,516,38447
2026-01-02 09:58:21,74.51,459,34200
2026-01-02 09:58:22,74.51,475,35392
2026-01-02 09:58:23,74.51,441,32859
2026-01-02 09:58:24,74.51,467,34796
2026-01-02 09:58:25,74.51,454,33828
2026-01-02 09:58:26,74.51,490,36510
2026-01-02 09:58:27,74.51,487,36286
2026-01-02 09:58:28,74.51,497,37031
2026-01-02 09:58:29,74.51,473,35243
2026-01-02 09:58:30,74.51,506,37702
2026-01-02 09:58:31,74.51,503,37479
2026-01-02 09:58:32,74.51,483,35988
2026-01-02 09:58:33,74.51,494,36808
2026-01-02 09:58:34,74.51,447,33306
2026-01-02 09:58:35,74.51,458,34126
2026-01-02 09:58:36,74.51,530,39490
2026-01-02 09:58:37,74.51,461,34349
2026-01-02 09:58:38,74.51,468,34871
2026-01-02 09:58:39,74.51,467,34796
2026-01-02 09:58:40,74.51,462,34424
2026-01-02 09:58:41,74.51,467,34796
2026-01-02 09:58:42,74.51,499,37180
2026-01-02 09:58:43,74.51,480,35765
2026-01-02 09:58:44,74.51,468,34871
2026-01-02 09:58:45,74.51,477,35541
2026-01-02 09:58:46,74.51,475,35392
2026-01-02 09:58:47,74.51,504,37553
2026-01-02 09:58:48,74.51,456,33977
2026-01-02 09:58:49,74.51,469,34945
2026-01-02 09:58:50,74.51,475,35392
2026-01-02 09:58:51,74.51,408,30400
2026-01-02 09:58:52,74.51,513,38224
2026-01-02 09:58:53,74.51,447,33306
2026-01-02 09:58:54,74.51,454,33828
2026-01-02 09:58:55,74.51,474,35318
2026-01-02 09:58:56,74.51,461,34349
2026-01-02 09:58:57,74.51,444,33082
2026-01-02 09:58:58,74.51,459,34200
2026-01-02 09:58:59,74.51,447,33306
2026-01-02 09:59:00,74.51,448,33380
2026-01-02 09:59:01,74.51,496,36957
2026-01-02 09:59:02,74.51,470,35020
2026-01-02 09:59:03,74.51,417,31071
2026-01-02 09:59:04,74.51,504,37553
2026-01-02 09:59:05,74.51,443,33008
2026-01-02 09:59:06,74.51,485,36137
2026-01-02 09:59:07,74.51,487,36286
2026-01-02 09:59:08,74.51,507,37777
2026-01-02 09:59:09,74.51,495,36882
2026-01-02 09:59:10,74.51,456,33977
2026-01-02 09:59:11,74.51,472,35169
2026-01-02 09:59:12,74.51,463,34498
2026-01-02 09:59:13,74.51,492,36659
2026-01-02 09:59:14,74.51,475,35392
2026-01-02 09:59:15,74.51,497,37031
2026-01-02 09:59:16,74.51,468,34871
2026-01-02 09:59:17,74.51,468,34871
2026-01-02 09:59:18,74.51,479,35690
2026-01-02 09:59:19,74.51,500,37255
2026-01-02 09:59:20,74.51,493,36733
2026-01-02 09:59:21,74.51,470,35020
2026-01-02 09:59:22,74.51,482,35914
2026-01-02 09:59:23,74.51,473,35243
2026-01-02 09:59:24,74.51,446,33231
2026-01-02 09:59:25,74.51,494,36808
2026-01-02 09:59:26,74.51,470,35020
2026-01-02 09:59:27,74.51,470,35020
2026-01-02 09:59:28,74.51,475,35392
2026-01-02 09:59:29,74.51,467,34796
2026-01-02 09:59:30,74.51,463,34498
2026-01-02 09:59:31,74.51,462,34424
2026-01-02 09:59:32,74.51,443,33008
2026-01-02 09:59:33,74.51,453,33753
2026-01-02 09:59:34,74.51,470,35020
2026-01-02 09:59:35,74.51,446,33231
2026-01-02 09:59:36,74.51,498,37106
2026-01-02 09:59:37,74.51,481,35839
2026-01-02 09:59:38,74.51,475,35392
2026-01-02 09:59:39,74.51,458,34126
2026-01-02 09:59:40,74.51,462,34424
2026-01-02 09:59:41,74.51,506,37702
2026-01-02 09:59:42,74.51,458,34126
2026-01-02 09:59:43,74.51,410,30549
2026-01-02 09:59:44,74.51,426,31741
2026-01-02 09:59:45,74.51,448,33380
2026-01-02 09:59:46,74.51,452,33679
2026-01-02 09:59:47,74.51,486,36212
2026-01-02 09:59:48,74.51,488,36361
2026-01-02 09:59:49,74.51,461,34349
2026-01-02 09:59:50,74.51,498,37106
2026-01-02 09:59:51,74.51,454,33828
2026-01-02 09:59:52,74.51,484,36063
2026-01-02 09:59:53,74.51,457,34051
2026-01-02 09:59:54,74.51,472,35169
2026-01-02 09:59:55,74.51,479,35690
2026-01-02 09:59:56,74.51,489,36435
2026-01-02 09:59:57,74.51,444,33082
2026-01-02 09:59:58,74.51,451,33604
2026-01-02 09:59:59,74.51,448,33380
2026-01-02 10:00:00,74.51,510,38000
2026-01-02 10:00:01,74.51,445,33157
2026-01-02 10:00:02,74.51,486,36212
2026-01-02 10:00:03,74.51,438,32635
2026-01-02 10:00:04,74.51,476,35467
2026-01-02 10:00:05,74.51,463,34498
2026-01-02 10:00:06,74.51,472,35169
2026-01-02 10:00:07,74.51,475,35392
2026-01-02 10:00:08,74.51,442,32933
2026-01-02 10:00:09,74.51,477,35541
2026-01-02 10:00:10,74.51,474,35318
2026-01-02 10:00:11,74.51,458,34126
2026-01-02 10:00:12,74.51,484,36063
2026-01-02 10:00:13,74.51,497,37031
2026-01-02 10:00:14,74.51,496,36957
2026-01-02 10:00:15,74.51,486,36212
2026-01-02 10:00:16,74.51,473,35243
2026-01-02 10:00:17,74.51,432,32188
2026-01-02 10:00:18,74.51,460,34275
2026-01-02 10:00:19,74.51,466,34722
2026-01-02 10:00:20,74.51,489,36435
2026-01-02 10:00:21,74.51,459,34200
2026-01-02 10:00:22,74.51,449,33455
2026-01-02 10:00:23,74.51,428,31890
2026-01-02 10:00:24,74.51,452,33679
2026-01-02 10:00:25,74.51,479,35690
2026-01-02 10:00:26,74.51,483,35988
2026-01-02 10:00:27,74.51,440,32784
2026-01-02 10:00:28,74.51,475,35392
2026-01-02 10:00:29,74.51,477,35541
2026-01-02 10:00:30,74.51,435,32412
2026-01-02 10:00:31,74.51,497,37031
2026-01-02 10:00:32,74.51,442,32933
2026-01-02 10:00:33,74.51,493,36733
2026-01-02 10:00:34,74.51,459,34200
2026-01-02 10:00:35,74.51,465,34647
2026-01-02 10:00:36,74.51,452,33679
2026-01-02 10:00:37,74.51,469,34945
2026-01-02 10:00:38,74.51,477,35541
2026-01-02 10:00:39,74.51,490,36510
2026-01-02 10:00:40,74.51,494,36808
2026-01-02 10:00:41,74.51,428,31890
2026-01-02 10:00:42,74.51,412,30698
2026-01-02 10:00:43,74.51,468,34871
2026-01-02 10:00:44,74.51,485,36137
2026-01-02 10:00:45,74.51,470,35020
2026-01-02 10:00:46,74.51,484,36063
2026-01-02 10:00:47,74.51,487,36286
2026-01-02 10:00:48,74.51,475,35392
2026-01-02 10:00:49,74.51,483,35988
2026-01-02 10:00:50,74.51,483,35988
2026-01-02 10:00:51,74.51,479,35690
2026-01-02 10:00:52,74.51,468,34871
2026-01-02 10:00:53,74.51,455,33902
2026-01-02 10:00:54,74.51,460,34275
2026-01-02 10:00:55,74.51,445,33157
2026-01-02 10:00:56,74.51,468,34871
2026-01-02 10:00:57,74.51,480,35765
2026-01-02 10:00:58,74.51,484,36063
2026-01-02 10:00:59,74.51,461,34349
2026-01-02 10:01:00,74.51,452,33679
2026-01-02 10:01:01,74.51,466,34722
2026-01-02 10:01:02,74.51,483,35988
2026-01-02 10:01:03,74.51,436,32486
2026-01-02 10:01:04,74.51,509,37926
2026-01-02 10:01:05,74.51,433,32263
2026-01-02 10:01:06,74.51,460,34275
2026-01-02 10:01:07,74.51,485,36137
2026-01-02 10:01:08,74.51,455,33902
2026-01-02 10:01:09,74.51,447,33306
2026-01-02 10:01:10,74.51,461,34349
2026-01-02 10:01:11,74.51,424,31592
2026-01-02 10:01:12,74.51,468,34871
2026-01-02 10:01:13,74.51,451,33604
2026-01-02 10:01:14,74.51,485,36137
2026-01-02 10:01:15,74.51,454,33828
2026-01-02 10:01:16,74.51,444,33082
2026-01-02 10:01:17,74.51,443,33008
2026-01-02 10:01:18,74.51,466,34722
2026-01-02 10:01:19,74.51,447,33306
2026-01-02 10:01:20,74.51,450,33530
2026-01-02 10:01:21,74.51,461,34349
2026-01-02 10:01:22,74.51,478,35616
2026-01-02 10:01:23,74.51,476,35467
2026-01-02 10:01:24,74.51,459,34200
2026-01-02 10:01:25,74.51,461,34349
2026-01-02 10:01:26,74.51,438,32635
2026-01-02 10:01:27,74.51,451,33604
2026-01-02 10:01:28,74.51,441,32859
2026-01-02 10:01:29,74.51,497,37031
2026-01-02 10:01:30,74.51,464,34573
2026-01-02 10:01:31,74.51,468,34871
2026-01-02 10:01:32,74.51,462,34424
2026-01-02 10:01:33,74.51,478,35616
2026-01-02 10:01:34,74.51,469,34945
2026-01-02 10:01:35,74.51,493,36733
2026-01-02 10:01:36,74.51,465,34647
2026-01-02 10:01:37,74.51,433,32263
2026-01-02 10:01:38,74.51,444,33082
2026-01-02 10:01:39,74.51,460,34275
2026-01-02 10:01:40,74.51,459,34200
2026-01-02 10:01:41,74.51,461,34349
2026-01-02 10:01:42,74.51,452,33679
2026-01-02 10:01:43,74.51,471,35094
2026-01-02 10:01:44,74.51,456,33977
2026-01-02 10:01:45,74.51,462,34424
2026-01-02 10:01:46,74.51,480,35765
2026-01-02 10:01:47,74.51,445,33157
2026-01-02 10:01:48,74.51,453,33753
2026-01-02 10:01:49,74.51,467,34796
2026-01-02 10:01:50,74.51,432,32188
2026-01-02 10:01:51,74.51,474,35318
2026-01-02 10:01:52,74.51,457,34051
2026-01-02 10:01:53,74.51,446,33231
2026-01-02 10:01:54,74.51,458,34126
2026-01-02 10:01:55,74.51,403,30028
2026-01-02 10:01:56,74.51,478,35616
2026-01-02 10:01:57,74.51,494,36808
2026-01-02 10:01:58,74.51,464,34573
2026-01-02 10:01:59,74.51,438,32635
2026-01-02 10:02:00,74.51,469,34945
2026-01-02 10:02:01,74.51,422,31443
2026-01-02 10:02:02,74.51,486,36212
2026-01-02 10:02:03,74.51,467,34796
2026-01-02 10:02:04,74.51,427,31816
2026-01-02 10:02:05,74.51,451,33604
2026-01-02 10:02:06,74.51,439,32710
2026-01-02 10:02:07,74.51,438,32635
2026-01-02 10:02:08,74.51,462,34424
2026-01-02 10:02:09,74.51,439,32710
2026-01-02 10:02:10,74.51,468,34871
2026-01-02 10:02:11,74.51,456,33977
2026-01-02 10:02:12,74.51,472,35169
2026-01-02 10:02:13,74.51,434,32337
2026-01-02 10:02:14,74.51,411,30624
2026-01-02 10:02:15,74.51,453,33753
2026-01-02 10:02:16,74.51,495,36882
2026-01-02 10:02:17,74.51,481,35839
2026-01-02 10:02:18,74.51,465,34647
2026-01-02 10:02:19,74.51,471,35094
2026-01-02 10:02:20,74.51,465,34647
2026-01-02 10:02:21,74.51,441,32859
2026-01-02 10:02:22,74.51,467,34796
2026-01-02 10:02:23,74.51,447,33306
2026-01-02 10:02:24,74.51,452,33679
2026-01-02 10:02:25,74.51,493,36733
2026-01-02 10:02:26,74.51,431,32114
2026-01-02 10:02:27,74.51,453,33753
2026-01-02 10:02:28,74.51,455,33902
2026-01-02 10:02:29,74.51,438,32635
2026-01-02 10:02:30,74.51,483,35988
2026-01-02 10:02:31,74.51,446,33231
2026-01-02 10:02:32,74.51,461,34349
2026-01-02 10:02:33,74.51,428,31890
2026-01-02 10:02:34,74.51,456,33977
2026-01-02 10:02:35,74.51,462,34424
2026-01-02 10:02:36,74.51,455,33902
2026-01-02 10:02:37,74.51,472,35169
2026-01-02 10:02:38,74.51,457,34051
2026-01-02 10:02:39,74.51,480,35765
2026-01-02 10:02:40,74.51,410,30549
2026-01-02 10:02:41,74.51,457,34051
2026-01-02 10:02:42,74.51,469,34945
2026-01-02 10:02:43,74.51,438,32635
2026-01-02 10:02:44,74.51,451,33604
2026-01-02 10:02:45,74.51,425,31667
2026-01-02 10:02:46,74.51,489,36435
2026-01-02 10:02:47,74.51,481,35839
2026-01-02 10:02:48,74.51,488,36361
2026-01-02 10:02:49,74.51,439,32710
2026-01-02 10:02:50,74.51,455,33902
2026-01-02 10:02:51,74.51,423,31518
2026-01-02 10:02:52,74.51,433,32263
2026-01-02 10:02:53,74.51,442,32933
2026-01-02 10:02:54,74.51,460,34275
2026-01-02 10:02:55,74.51,427,31816
2026-01-02 10:02:56,74.51,460,34275
2026-01-02 10:02:57,74.51,467,34796
2026-01-02 10:02:58,74.51,467,34796
2026-01-02 10:02:59,74.51,462,34424
2026-01-02 10:03:00,74.51,463,34498
2026-01-02 10:03:01,74.51,418,31145
2026-01-02 10:03:02,74.51,463,34498
2026-01-02 10:03:03,74.51,447,33306
2026-01-02 10:03:04,74.51,445,33157
2026-01-02 10:03:05,74.51,470,35020
2026-01-02 10:03:06,74.51,460,34275
2026-01-02 10:03:07,74.51,442,32933
2026-01-02 10:03:08,74.51,491,36584
2026-01-02 10:03:09,74.51,454,33828
2026-01-02 10:03:10,74.51,453,33753
2026-01-02 10:03:11,74.51,438,32635
2026-01-02 10:03:12,74.51,442,32933
2026-01-02 10:03:13,74.51,464,34573
2026-01-02 10:03:14,74.51,435,32412
2026-01-02 10:03:15,74.51,445,33157
2026-01-02 10:03:16,74.51,445,33157
2026-01-02 10:03:17,74.51,491,36584
2026-01-02 10:03:18,74.51,428,31890
2026-01-02 10:03:19,74.51,469,34945
2026-01-02 10:03:20,74.51,456,33977
2026-01-02 10:03:21,74.51,423,31518
2026-01-02 10:03:22,74.51,417,31071
2026-01-02 10:03:23,74.51,489,36435
2026-01-02 10:03:24,74.51,481,35839
2026-01-02 10:03:25,74.51,436,32486
2026-01-02 10:03:26,74.51,476,35467
2026-01-02 10:03:27,74.51,462,34424
2026-01-02 10:03:28,74.51,424,31592
2026-01-02 10:03:29,74.51,444,33082
2026-01-02 10:03:30,74.51,487,36286
2026-01-02 10:03:31,74.51,443,33008
2026-01-02 10:03:32,74.51,462,34424
2026-01-02 10:03:33,74.51,412,30698
2026-01-02 10:03:34,74.51,465,34647
2026-01-02 10:03:35,74.51,476,35467
2026-01-02 10:03:36,74.51,457,34051
2026-01-02 10:03:37,74.51,431,32114
2026-01-02 10:03:38,74.51,431,32114
2026-01-02 10:03:39,74.51,461,34349
2026-01-02 10:03:40,74.51,459,34200
2026-01-02 10:03:41,74.51,445,33157
2026-01-02 10:03:42,74.51,463,34498
2026-01-02 10:03:43,74.51,405,30177
2026-01-02 10:03:44,74.51,461,34349
2026-01-02 10:03:45,74.51,412,30698
2026-01-02 10:03:46,74.51,446,33231
2026-01-02 10:03:47,74.51,451,33604
2026-01-02 10:03:48,74.51,433,32263
2026-01-02 10:03:49,74.51,465,34647
2026-01-02 10:03:50,74.51,464,34573
2026-01-02 10:03:51,74.51,505,37628
2026-01-02 10:03:52,74.51,455,33902
2026-01-02 10:03:53,74.51,432,32188
2026-01-02 10:03:54,74.51,442,32933
2026-01-02 10:03:55,74.51,415,30922
2026-01-02 10:03:56,74.51,452,33679
2026-01-02 10:03:57,74.51,459,34200
2026-01-02 10:03:58,74.51,469,34945
2026-01-02 10:03:59,74.51,435,32412
2026-01-02 10:04:00,74.51,474,35318
2026-01-02 10:04:01,74.51,475,35392
2026-01-02 10:04:02,74.51,441,32859
2026-01-02 10:04:03,74.51,482,35914
2026-01-02 10:04:04,74.51,409,30475
2026-01-02 10:04:05,74.51,432,32188
2026-01-02 10:04:06,74.51,474,35318
2026-01-02 10:04:07,74.51,450,33530
2026-01-02 10:04:08,74.51,440,32784
2026-01-02 10:04:09,74.51,421,31369
2026-01-02 10:04:10,74.51,444,33082
2026-01-02 10:04:11,74.51,430,32039
2026-01-02 10:04:12,74.51,436,32486
2026-01-02 10:04:13,74.51,412,30698
2026-01-02 10:04:14,74.51,466,34722
2026-01-02 10:04:15,74.51,460,34275
2026-01-02 10:04:16,74.51,423,31518
2026-01-02 10:04:17,74.51,473,35243
2026-01-02 10:04:18,74.51,435,32412
2026-01-02 10:04:19,74.51,496,36957
2026-01-02 10:04:20,74.51,477,35541
2026-01-02 10:04:21,74.51,479,35690
2026-01-02 10:04:22,74.51,443,33008
2026-01-02 10:04:23,74.51,439,32710
2026-01-02 10:04:24,74.51,447,33306
2026-01-02 10:04:25,74.51,418,31145
2026-01-02 10:04:26,74.51,448,33380
2026-01-02 10:04:27,74.51,424,31592
2026-01-02 10:04:28,74.51,477,35541
2026-01-02 10:04:29,74.51,443,33008
2026-01-02 10:04:30,74.51,461,34349
2026-01-02 10:04:31,74.51,452,33679
2026-01-02 10:04:32,74.51,467,34796
2026-01-02 10:04:33,74.51,446,33231
2026-01-02 10:04:34,74.51,447,33306
2026-01-02 10:04:35,74.51,439,32710
2026-01-02 10:04:36,74.51,432,32188
2026-01-02 10:04:37,74.51,444,33082
2026-01-02 10:04:38,74.51,478,35616
2026-01-02 10:04:39,74.51,382,28463
2026-01-02 10:04:40,74.51,425,31667
2026-01-02 10:04:41,74.51,427,31816
2026-01-02 10:04:42,74.51,428,31890
2026-01-02 10:04:43,74.51,416,30996
2026-01-02 10:04:44,74.51,442,32933
2026-01-02 10:04:45,74.51,435,32412
2026-01-02 10:04:46,74.51,489,36435
2026-01-02 10:04:47,74.51,437,32561
2026-01-02 10:04:48,74.51,414,30847
2026-01-02 10:04:49,74.51,447,33306
2026-01-02 10:04:50,74.51,440,32784
2026-01-02 10:04:51,74.51,447,33306
2026-01-02 10:04:52,74.51,431,32114
2026-01-02 10:04:53,74.51,468,34871
2026-01-02 10:04:54,74.51,432,32188
2026-01-02 10:04:55,74.51,437,32561
2026-01-02 10:04:56,74.51,456,33977
2026-01-02 10:04:57,74.51,435,32412
2026-01-02 10:04:58,74.51,422,31443
2026-01-02 10:04:59,74.51,444,33082
2026-01-02 10:05:00,74.51,421,31369
2026-01-02 10:05:01,74.51,427,31816
2026-01-02 10:05:02,74.51,444,33082
2026-01-02 10:05:03,74.51,425,31667
2026-01-02 10:05:04,74.51,467,34796
2026-01-02 10:05:05,74.51,447,33306
2026-01-02 10:05:06,74.51,452,33679
2026-01-02 10:05:07,74.51,442,32933
2026-01-02 10:05:08,74.51,474,35318
2026-01-02 10:05:09,74.51,447,33306
2026-01-02 10:05:10,74.51,427,31816
2026-01-02 10:05:11,74.51,451,33604
2026-01-02 10:05:12,74.51,440,32784
2026-01-02 10:05:13,74.51,465,34647
2026-01-02 10:05:14,74.51,447,33306
2026-01-02 10:05:15,74.51,442,32933
2026-01-02 10:05:16,74.51,442,32933
2026-01-02 10:05:17,74.51,460,34275
2026-01-02 10:05:18,74.51,458,34126
2026-01-02 10:05:19,74.51,449,33455
2026-01-02 10:05:20,74.51,463,34498
2026-01-02 10:05:21,74.51,447,33306
2026-01-02 10:05:22,74.51,438,32635
2026-01-02 10:05:23,74.51,416,30996
2026-01-02 10:05:24,74.51,471,35094
2026-01-02 10:05:25,74.51,450,33530
2026-01-02 10:05:26,74.51,417,31071
2026-01-02 10:05:27,74.51,414,30847
2026-01-02 10:05:28,74.51,453,33753
2026-01-02 10:05:29,74.51,468,34871
2026-01-02 10:05:30,74.51,464,34573
2026-01-02 10:05:31,74.51,425,31667
2026-01-02 10:05:32,74.51,459,34200
2026-01-02 10:05:33,74.51,445,33157
2026-01-02 10:05:34,74.51,478,35616
2026-01-02 10:05:35,74.51,427,31816
2026-01-02 10:05:36,74.51,454,33828
2026-01-02 10:05:37,74.51,466,34722
2026-01-02 10:05:38,74.51,458,34126
2026-01-02 10:05:39,74.51,438,32635
2026-01-02 10:05:40,74.51,434,32337
2026-01-02 10:05:41,74.51,398,29655
2026-01-02 10:05:42,74.51,446,33231
2026-01-02 10:05:43,74.51,426,31741
2026-01-02 10:05:44,74.51,448,33380
2026-01-02 10:05:45,74.51,503,37479
2026-01-02 10:05:46,74.51,481,35839
2026-01-02 10:05:47,74.51,443,33008
2026-01-02 10:05:48,74.51,439,32710
2026-01-02 10:05:49,74.51,459,34200
2026-01-02 10:05:50,74.51,453,33753
2026-01-02 10:05:51,74.51,464,34573
2026-01-02 10:05:52,74.51,489,36435
2026-01-02 10:05:53,74.51,435,32412
2026-01-02 10:05:54,74.51,454,33828
2026-01-02 10:05:55,74.51,430,32039
2026-01-02 10:05:56,74.51,424,31592
2026-01-02 10:05:57,74.51,437,32561
2026-01-02 10:05:58,74.51,448,33380
2026-01-02 10:05:59,74.51,438,32635
2026-01-02 10:06:00,74.51,466,34722
2026-01-02 10:06:01,74.51,395,29431
2026-01-02 10:06:02,74.51,432,32188
2026-01-02 10:06:03,74.51,473,35243
2026-01-02 10:06:04,74.51,429,31965
2026-01-02 10:06:05,74.51,425,31667
2026-01-02 10:06:06,74.51,421,31369
2026-01-02 10:06:07,74.51,421,31369
2026-01-02 10:06:08,74.51,464,34573
2026-01-02 10:06:09,74.51,467,34796
2026-01-02 10:06:10,74.51,423,31518
2026-01-02 10:06:11,74.51,422,31443
2026-01-02 10:06:12,74.51,413,30773
2026-01-02 10:06:13,74.51,434,32337
2026-01-02 10:06:14,74.51,425,31667
2026-01-02 10:06:15,74.51,424,31592
2026-01-02 10:06:16,74.51,439,32710
2026-01-02 10:06:17,74.51,421,31369
2026-01-02 10:06:18,74.51,475,35392
2026-01-02 10:06:19,74.51,484,36063
2026-01-02 10:06:20,74.51,436,32486
2026-01-02 10:06:21,74.51,417,31071
2026-01-02 10:06:22,74.51,429,31965
2026-01-02 10:06:23,74.51,426,31741
2026-01-02 10:06:24,74.51,429,31965
2026-01-02 10:06:25,74.51,436,32486
2026-01-02 10:06:26,74.51,422,31443
2026-01-02 10:06:27,74.51,467,34796
2026-01-02 10:06:28,74.51,451,33604
2026-01-02 10:06:29,74.51,423,31518
2026-01-02 10:06:30,74.51,408,30400
2026-01-02 10:06:31,74.51,429,31965
2026-01-02 10:06:32,74.51,438,32635
2026-01-02 10:06:33,74.51,468,34871
2026-01-02 10:06:34,74.51,457,34051
2026-01-02 10:06:35,74.51,437,32561
2026-01-02 10:06:36,74.51,392,29208
2026-01-02 10:06:37,74.51,409,30475
2026-01-02 10:06:38,74.51,416,30996
2026-01-02 10:06:39,74.51,459,34200
2026-01-02 10:06:40,74.51,434,32337
2026-01-02 10:06:41,74.51,442,32933
2026-01-02 10:06:42,74.51,408,30400
2026-01-02 10:06:43,74.51,438,32635
2026-01-02 10:06:44,74.51,406,30251
2026-01-02 10:06:45,74.51,439,32710
2026-01-02 10:06:46,74.51,450,33530
2026-01-02 10:06:47,74.51,449,33455
2026-01-02 10:06:48,74.51,422,31443
2026-01-02 10:06:49,74.51,427,31816
2026-01-02 10:06:50,74.51,465,34647
2026-01-02 10:06:51,74.51,451,33604
2026-01-02 10:06:52,74.51,452,33679
2026-01-02 10:06:53,74.51,401,29879
2026-01-02 10:06:54,74.51,465,34647
2026-01-02 10:06:55,74.51,445,33157
2026-01-02 10:06:56,74.51,418,31145
2026-01-02 10:06:57,74.51,433,32263
2026-01-02 10:06:58,74.51,411,30624
2026-01-02 10:06:59,74.51,433,32263
2026-01-02 10:07:00,74.51,442,32933
2026-01-02 10:07:01,74.51,437,32561
2026-01-02 10:07:02,74.51,427,31816
2026-01-02 10:07:03,74.51,445,33157
2026-01-02 10:07:04,74.51,459,34200
2026-01-02 10:07:05,74.51,416,30996
2026-01-02 10:07:06,74.51,440,32784
2026-01-02 10:07:07,74.51,451,33604
2026-01-02 10:07:08,74.51,457,34051
2026-01-02 10:07:09,74.51,400,29804
2026-01-02 10:07:10,74.51,439,32710
2026-01-02 10:07:11,74.51,445,33157
2026-01-02 10:07:12,74.51,486,36212
2026-01-02 10:07:13,74.51,440,32784
2026-01-02 10:07:14,74.51,450,33530
2026-01-02 10:07:15,74.51,451,33604
2026-01-02 10:07:16,74.51,440,32784
2026-01-02 10:07:17,74.51,398,29655
2026-01-02 10:07:18,74.51,414,30847
2026-01-02 10:07:19,74.51,428,31890
2026-01-02 10:07:20,74.51,452,33679
2026-01-02 10:07:21,74.51,424,31592
2026-01-02 10:07:22,74.51,430,32039
2026-01-02 10:07:23,74.51,460,34275
2026-01-02 10:07:24,74.51,428,31890
2026-01-02 10:07:25,74.51,426,31741
2026-01-02 10:07:26,74.51,503,37479
2026-01-02 10:07:27,74.51,466,34722
2026-01-02 10:07:28,74.51,398,29655
2026-01-02 10:07:29,74.51,451,33604
2026-01-02 10:07:30,74.51,444,33082
2026-01-02 10:07:31,74.51,428,31890
2026-01-02 10:07:32,74.51,432,32188
2026-01-02 10:07:33,74.51,377,28090
2026-01-02 10:07:34,74.51,442,32933
2026-01-02 10:07:35,74.51,400,29804
2026-01-02 10:07:36,74.51,429,31965
2026-01-02 10:07:37,74.51,444,33082
2026-01-02 10:07:38,74.51,440,32784
2026-01-02 10:07:39,74.51,420,31294
2026-01-02 10:07:40,74.51,455,33902
2026-01-02 10:07:41,74.51,445,33157
2026-01-02 10:07:42,74.51,452,33679
2026-01-02 10:07:43,74.51,423,31518
2026-01-02 10:07:44,74.51,424,31592
2026-01-02 10:07:45,74.51,439,32710
2026-01-02 10:07:46,74.51,446,33231
2026-01-02 10:07:47,74.51,446,33231
2026-01-02 10:07:48,74.51,403,30028
2026-01-02 10:07:49,74.51,464,34573
2026-01-02 10:07:50,74.51,467,34796
2026-01-02 10:07:51,74.51,454,33828
2026-01-02 10:07:52,74.51,425,31667
2026-01-02 10:07:53,74.51,447,33306
2026-01-02 10:07:54,74.51,409,30475
2026-01-02 10:07:55,74.51,429,31965
2026-01-02 10:07:56,74.51,446,33231
2026-01-02 10:07:57,74.51,477,35541
2026-01-02 10:07:58,74.51,418,31145
2026-01-02 10:07:59,74.51,426,31741
2026-01-02 10:08:00,74.51,441,32859
2026-01-02 10:08:01,74.51,442,32933
2026-01-02 10:08:02,74.51,440,32784
2026-01-02 10:08:03,74.51,428,31890
2026-01-02 10:08:04,74.51,436,32486
2026-01-02 10:08:05,74.51,399,29729
2026-01-02 10:08:06,74.51,421,31369
2026-01-02 10:08:07,74.51,416,30996
2026-01-02 10:08:08,74.51,421,31369
2026-01-02 10:08:09,74.51,389,28984
2026-01-02 10:08:10,74.51,426,31741
2026-01-02 10:08:11,74.51,428,31890
2026-01-02 10:08:12,74.51,403,30028
2026-01-02 10:08:13,74.51,439,32710
2026-01-02 10:08:14,74.51,435,32412
2026-01-02 10:08:15,74.51,407,30326
2026-01-02 10:08:16,74.51,420,31294
2026-01-02 10:08:17,74.51,463,34498
2026-01-02 10:08:18,74.51,416,30996
2026-01-02 10:08:19,74.51,432,32188
2026-01-02 10:08:20,74.51,470,35020
2026-01-02 10:08:21,74.51,435,32412
2026-01-02 10:08:22,74.51,451,33604
2026-01-02 10:08:23,74.51,407,30326
2026-01-02 10:08:24,74.51,388,28910
2026-01-02 10:08:25,74.51,413,30773
2026-01-02 10:08:26,74.51,474,35318
2026-01-02 10:08:27,74.51,404,30102
2026-01-02 10:08:28,74.51,429,31965
2026-01-02 10:08:29,74.51,425,31667
2026-01-02 10:08:30,74.51,456,33977
2026-01-02 10:08:31,74.51,453,33753
2026-01-02 10:08:32,74.51,389,28984
2026-01-02 10:08:33,74.51,456,33977
2026-01-02 10:08:34,74.51,440,32784
2026-01-02 10:08:35,74.51,436,32486
2026-01-02 10:08:36,74.51,425,31667
2026-01-02 10:08:37,74.51,449,33455
2026-01-02 10:08:38,74.51,454,33828
2026-01-02 10:08:39,74.51,430,32039
2026-01-02 10:08:40,74.51,386,28761
2026-01-02 10:08:41,74.51,449,33455
2026-01-02 10:08:42,74.51,463,34498
2026-01-02 10:08:43,74.51,419,31220
2026-01-02 10:08:44,74.51,433,32263
2026-01-02 10:08:45,74.51,377,28090
2026-01-02 10:08:46,74.51,405,30177
2026-01-02 10:08:47,74.51,435,32412
2026-01-02 10:08:48,74.51,434,32337
2026-01-02 10:08:49,74.51,427,31816
2026-01-02 10:08:50,74.51,436,32486
2026-01-02 10:08:51,74.51,419,31220
2026-01-02 10:08:52,74.51,418,31145
2026-01-02 10:08:53,74.51,418,31145
2026-01-02 10:08:54,74.51,481,35839
2026-01-02 10:08:55,74.51,427,31816
2026-01-02 10:08:56,74.51,435,32412
2026-01-02 10:08:57,74.51,447,33306
2026-01-02 10:08:58,74.51,455,33902
2026-01-02 10:08:59,74.51,449,33455
2026-01-02 10:09:00,74.51,407,30326
2026-01-02 10:09:01,74.51,426,31741
2026-01-02 10:09:02,74.51,413,30773
2026-01-02 10:09:03,74.51,435,32412
2026-01-02 10:09:04,74.51,388,28910
2026-01-02 10:09:05,74.51,445,33157
2026-01-02 10:09:06,74.51,461,34349
2026-01-02 10:09:07,74.51,463,34498
2026-01-02 10:09:08,74.51,407,30326
2026-01-02 10:09:09,74.51,417,31071
2026-01-02 10:09:10,74.51,442,32933
2026-01-02 10:09:11,74.51,401,29879
2026-01-02 10:09:12,74.51,420,31294
2026-01-02 10:09:13,74.51,424,31592
2026-01-02 10:09:14,74.51,437,32561
2026-01-02 10:09:15,74.51,412,30698
2026-01-02 10:09:16,74.51,395,29431
2026-01-02 10:09:17,74.51,427,31816
2026-01-02 10:09:18,74.51,476,35467
2026-01-02 10:09:19,74.51,439,32710
2026-01-02 10:09:20,74.51,427,31816
2026-01-02 10:09:21,74.51,433,32263
2026-01-02 10:09:22,74.51,416,30996
2026-01-02 10:09:23,74.51,426,31741
2026-01-02 10:09:24,74.51,426,31741
2026-01-02 10:09:25,74.51,439,32710
2026-01-02 10:09:26,74.51,423,31518
2026-01-02 10:09:27,74.51,450,33530
2026-01-02 10:09:28,74.51,455,33902
2026-01-02 10:09:29,74.51,392,29208
2026-01-02 10:09:30,74.51,407,30326
2026-01-02 10:09:31,74.51,465,34647
2026-01-02 10:09:32,74.51,441,32859
2026-01-02 10:09:33,74.51,404,30102
2026-01-02 10:09:34,74.51,439,32710
2026-01-02 10:09:35,74.51,437,32561
2026-01-02 10:09:36,74.51,439,32710
2026-01-02 10:09:37,74.51,406,30251
2026-01-02 10:09:38,74.51,422,31443
2026-01-02 10:09:39,74.51,438,32635
2026-01-02 10:09:40,74.51,399,29729
2026-01-02 10:09:41,74.51,449,33455
2026-01-02 10:09:42,74.51,410,30549
2026-01-02 10:09:43,74.51,404,30102
2026-01-02 10:09:44,74.51,429,31965
2026-01-02 10:09:45,74.51,425,31667
2026-01-02 10:09:46,74.51,432,32188
2026-01-02 10:09:47,74.51,419,31220
2026-01-02 10:09:48,74.51,438,32635
2026-01-02 10:09:49,74.51,381,28388
2026-01-02 10:09:50,74.51,399,29729
2026-01-02 10:09:51,74.51,421,31369
2026-01-02 10:09:52,74.51,406,30251
2026-01-02 10:09:53,74.51,431,32114
2026-01-02 10:09:54,74.51,410,30549
2026-01-02 10:09:55,74.51,458,34126
2026-01-02 10:09:56,74.51,448,33380
2026-01-02 10:09:57,74.51,415,30922
2026-01-02 10:09:58,74.51,456,33977
2026-01-02 10:09:59,74.51,418,31145
2026-01-02 10:10:00,74.51,432,32188
2026-01-02 10:10:01,74.51,410,30549
2026-01-02 10:10:02,74.51,426,31741
2026-01-02 10:10:03,74.51,412,30698
2026-01-02 10:10:04,74.51,437,32561
2026-01-02 10:10:05,74.51,477,35541
2026-01-02 10:10:06,74.51,421,31369
2026-01-02 10:10:07,74.51,421,31369
2026-01-02 10:10:08,74.51,438,32635
2026-01-02 10:10:09,74.51,437,32561
2026-01-02 10:10:10,74.51,440,32784
2026-01-02 10:10:11,74.51,450,33530
2026-01-02 10:10:12,74.51,445,33157
2026-01-02 10:10:13,74.51,424,31592
2026-01-02 10:10:14,74.51,386,28761
2026-01-02 10:10:15,74.51,387,28835
2026-01-02 10:10:16,74.51,458,34126
2026-01-02 10:10:17,74.51,449,33455
2026-01-02 10:10:18,74.51,443,33008
2026-01-02 10:10:19,74.51,425,31667
2026-01-02 10:10:20,74.51,456,33977
2026-01-02 10:10:21,74.51,432,32188
2026-01-02 10:10:22,74.51,414,30847
2026-01-02 10:10:23,74.51,408,30400
2026-01-02 10:10:24,74.51,423,31518
2026-01-02 10:10:25,74.51,414,30847
2026-01-02 10:10:26,74.51,435,32412
2026-01-02 10:10:27,74.51,413,30773
2026-01-02 10:10:28,74.51,440,32784
2026-01-02 10:10:29,74.51,423,31518
2026-01-02 10:10:30,74.51,403,30028
2026-01-02 10:10:31,74.51,465,34647
2026-01-02 10:10:32,74.51,426,31741
2026-01-02 10:10:33,74.51,451,33604
2026-01-02 10:10:34,74.51,455,33902
2026-01-02 10:10:35,74.51,434,32337
2026-01-02 10:10:36,74.51,397,29580
2026-01-02 10:10:37,74.51,417,31071
2026-01-02 10:10:38,74.51,441,32859
2026-01-02 10:10:39,74.51,452,33679
2026-01-02 10:10:40,74.51,419,31220
2026-01-02 10:10:41,74.51,415,30922
2026-01-02 10:10:42,74.51,440,32784
2026-01-02 10:10:43,74.51,444,33082
2026-01-02 10:10:44,74.51,440,32784
2026-01-02 10:10:45,74.51,474,35318
2026-01-02 10:10:46,74.51,421,31369
2026-01-02 10:10:47,74.51,425,31667
2026-01-02 10:10:48,74.51,446,33231
2026-01-02 10:10:49,74.51,417,31071
2026-01-02 10:10:50,74.51,441,32859
2026-01-02 10:10:51,74.51,401,29879
2026-01-02 10:10:52,74.51,424,31592
2026-01-02 10:10:53,74.51,415,30922
2026-01-02 10:10:54,74.51,432,32188
2026-01-02 10:10:55,74.51,401,29879
2026-01-02 10:10:56,74.51,409,30475
2026-01-02 10:10:57,74.51,425,31667
2026-01-02 10:10:58,74.51,398,29655
2026-01-02 10:10:59,74.51,401,29879
2026-01-02 10:11:00,74.51,435,32412
2026-01-02 10:11:01,74.51,424,31592
2026-01-02 10:11:02,74.51,425,31667
2026-01-02 10:11:03,74.51,402,29953
2026-01-02 10:11:04,74.51,407,30326
2026-01-02 10:11:05,74.51,401,29879
2026-01-02 10:11:06,74.51,401,29879
2026-01-02 10:11:07,74.51,414,30847
2026-01-02 10:11:08,74.51,401,29879
2026-01-02 10:11:09,74.51,416,30996
2026-01-02 10:11:10,74.51,439,32710
2026-01-02 10:11:11,74.51,417,31071
2026-01-02 10:11:12,74.51,408,30400
2026-01-02 10:11:13,74.51,394,29357
2026-01-02 10:11:14,74.51,406,30251
2026-01-02 10:11:15,74.51,405,30177
2026-01-02 10:11:16,74.51,412,30698
2026-01-02 10:11:17,74.51,425,31667
2026-01-02 10:11:18,74.51,429,31965
2026-01-02 10:11:19,74.51,421,31369
2026-01-02 10:11:20,74.51,422,31443
2026-01-02 10:11:21,74.51,411,30624
2026-01-02 10:11:22,74.51,444,33082
2026-01-02 10:11:23,74.51,401,29879
2026-01-02 10:11:24,74.51,405,30177
2026-01-02 10:11:25,74.51,453,33753
2026-01-02 10:11:26,74.51,407,30326
2026-01-02 10:11:27,74.51,416,30996
2026-01-02 10:11:28,74.51,425,31667
2026-01-02 10:11:29,74.51,411,30624
2026-01-02 10:11:30,74.51,453,33753
2026-01-02 10:11:31,74.51,391,29133
2026-01-02 10:11:32,74.51,431,32114
2026-01-02 10:11:33,74.51,412,30698
2026-01-02 10:11:34,74.51,406,30251
2026-01-02 10:11:35,74.51,425,31667
2026-01-02 10:11:36,74.51,434,32337
2026-01-02 10:11:37,74.51,429,31965
2026-01-02 10:11:38,74.51,404,30102
2026-01-02 10:11:39,74.51,372,27718
2026-01-02 10:11:40,74.51,426,31741
2026-01-02 10:11:41,74.51,409,30475
2026-01-02 10:11:42,74.51,390,29059
2026-01-02 10:11:43,74.51,392,29208
2026-01-02 10:11:44,74.51,400,29804
2026-01-02 10:11:45,74.51,421,31369
2026-01-02 10:11:46,74.51,421,31369
2026-01-02 10:11:47,74.51,398,29655
2026-01-02 10:11:48,74.51,389,28984
2026-01-02 10:11:49,74.51,407,30326
2026-01-02 10:11:50,74.51,416,30996
2026-01-02 10:11:51,74.51,382,28463
2026-01-02 10:11:52,74.51,411,30624
2026-01-02 10:11:53,74.51,409,30475
2026-01-02 10:11:54,74.51,424,31592
2026-01-02 10:11:55,74.51,420,31294
2026-01-02 10:11:56,74.51,437,32561
2026-01-02 10:11:57,74.51,444,33082
2026-01-02 10:11:58,74.51,450,33530
2026-01-02 10:11:59,74.51,421,31369
2026-01-02 10:12:00,74.51,405,30177
2026-01-02 10:12:01,74.51,406,30251
2026-01-02 10:12:02,74.51,391,29133
2026-01-02 10:12:03,74.51,416,30996
2026-01-02 10:12:04,74.51,389,28984
2026-01-02 10:12:05,74.51,417,31071
2026-01-02 10:12:06,74.51,412,30698
2026-01-02 10:12:07,74.51,418,31145
2026-01-02 10:12:08,74.51,407,30326
2026-01-02 10:12:09,74.51,401,29879
2026-01-02 10:12:10,74.51,419,31220
2026-01-02 10:12:11,74.51,431,32114
2026-01-02 10:12:12,74.51,392,29208
2026-01-02 10:12:13,74.51,420,31294
2026-01-02 10:12:14,74.51,405,30177
2026-01-02 10:12:15,74.51,442,32933
2026-01-02 10:12:16,74.51,413,30773
2026-01-02 10:12:17,74.51,436,32486
2026-01-02 10:12:18,74.51,423,31518
2026-01-02 10:12:19,74.51,402,29953
2026-01-02 10:12:20,74.51,424,31592
2026-01-02 10:12:21,74.51,396,29506
2026-01-02 10:12:22,74.51,408,30400
2026-01-02 10:12:23,74.51,447,33306
2026-01-02 10:12:24,74.51,427,31816
2026-01-02 10:12:25,74.51,437,32561
2026-01-02 10:12:26,74.51,421,31369
2026-01-02 10:12:27,74.51,398,29655
2026-01-02 10:12:28,74.51,412,30698
2026-01-02 10:12:29,74.51,421,31369
2026-01-02 10:12:30,74.51,452,33679
2026-01-02 10:12:31,74.51,385,28686
2026-01-02 10:12:32,74.51,405,30177
2026-01-02 10:12:33,74.51,415,30922
2026-01-02 10:12:34,74.51,435,32412
2026-01-02 10:12:35,74.51,383,28537
2026-01-02 10:12:36,74.51,436,32486
2026-01-02 10:12:37,74.51,422,31443
2026-01-02 10:12:38,74.51,394,29357
2026-01-02 10:12:39,74.51,431,32114
2026-01-02 10:12:40,74.51,436,32486
2026-01-02 10:12:41,74.51,406,30251
2026-01-02 10:12:42,74.51,413,30773
2026-01-02 10:12:43,74.51,410,30549
2026-01-02 10:12:44,74.51,445,33157
2026-01-02 10:12:45,74.51,404,30102
2026-01-02 10:12:46,74.51,419,31220
2026-01-02 10:12:47,74.51,374,27867
2026-01-02 10:12:48,74.51,408,30400
2026-01-02 10:12:49,74.51,371,27643
2026-01-02 10:12:50,74.51,407,30326
2026-01-02 10:12:51,74.51,376,28016
2026-01-02 10:12:52,74.51,436,32486
2026-01-02 10:12:53,74.51,410,30549
2026-01-02 10:12:54,74.51,400,29804
2026-01-02 10:12:55,74.51,420,31294
2026-01-02 10:12:56,74.51,414,30847
2026-01-02 10:12:57,74.51,403,30028
2026-01-02 10:12:58,74.51,410,30549
2026-01-02 10:12:59,74.51,375,27941
2026-01-02 10:13:00,74.51,430,32039
2026-01-02 10:13:01,74.51,408,30400
2026-01-02 10:13:02,74.51,394,29357
2026-01-02 10:13:03,74.51,447,33306
2026-01-02 10:13:04,74.51,381,28388
2026-01-02 10:13:05,74.51,435,32412
2026-01-02 10:13:06,74.51,441,32859
2026-01-02 10:13:07,74.51,447,33306
2026-01-02 10:13:08,74.51,382,28463
2026-01-02 10:13:09,74.51,409,30475
2026-01-02 10:13:10,74.51,422,31443
2026-01-02 10:13:11,74.51,427,31816
2026-01-02 10:13:12,74.51,448,33380
2026-01-02 10:13:13,74.51,398,29655
2026-01-02 10:13:14,74.51,406,30251
2026-01-02 10:13:15,74.51,377,28090
2026-01-02 10:13:16,74.51,398,29655
2026-01-02 10:13:17,74.51,393,29282
2026-01-02 10:13:18,74.51,391,29133
2026-01-02 10:13:19,74.51,434,32337
2026-01-02 10:13:20,74.51,406,30251
2026-01-02 10:13:21,74.51,383,28537
2026-01-02 10:13:22,74.51,422,31443
2026-01-02 10:13:23,74.51,408,30400
2026-01-02 10:13:24,74.51,414,30847
2026-01-02 10:13:25,74.51,401,29879
2026-01-02 10:13:26,74.51,416,30996
2026-01-02 10:13:27,74.51,421,31369
2026-01-02 10:13:28,74.51,440,32784
2026-01-02 10:13:29,74.51,389,28984
2026-01-02 10:13:30,74.51,417,31071
2026-01-02 10:13:31,74.51,411,30624
2026-01-02 10:13:32,74.51,456,33977
2026-01-02 10:13:33,74.51,382,28463
2026-01-02 10:13:34,74.51,366,27271
2026-01-02 10:13:35,74.51,425,31667
2026-01-02 10:13:36,74.51,432,32188
2026-01-02 10:13:37,74.51,400,29804
2026-01-02 10:13:38,74.51,445,33157
2026-01-02 10:13:39,74.51,401,29879
2026-01-02 10:13:40,74.51,409,30475
2026-01-02 10:13:41,74.51,417,31071
2026-01-02 10:13:42,74.51,389,28984
2026-01-02 10:13:43,74.51,409,30475
2026-01-02 10:13:44,74.51,429,31965
2026-01-02 10:13:45,74.51,415,30922
2026-01-02 10:13:46,74.51,400,29804
2026-01-02 10:13:47,74.51,420,31294
2026-01-02 10:13:48,74.51,395,29431
2026-01-02 10:13:49,74.51,440,32784
2026-01-02 10:13:50,74.51,427,31816
2026-01-02 10:13:51,74.51,426,31741
2026-01-02 10:13:52,74.51,442,32933
2026-01-02 10:13:53,74.51,406,30251
2026-01-02 10:13:54,74.51,394,29357
2026-01-02 10:13:55,74.51,386,28761
2026-01-02 10:13:56,74.51,408,30400
2026-01-02 10:13:57,74.51,399,29729
2026-01-02 10:13:58,74.51,401,29879
2026-01-02 10:13:59,74.51,423,31518
2026-01-02 10:14:00,74.51,403,30028
2026-01-02 10:14:01,74.51,428,31890
2026-01-02 10:14:02,74.51,380,28314
2026-01-02 10:14:03,74.51,426,31741
2026-01-02 10:14:04,74.51,377,28090
2026-01-02 10:14:05,74.51,381,28388
2026-01-02 10:14:06,74.51,428,31890
2026-01-02 10:14:07,74.51,416,30996
2026-01-02 10:14:08,74.51,412,30698
2026-01-02 10:14:09,74.51,393,29282
2026-01-02 10:14:10,74.51,424,31592
2026-01-02 10:14:11,74.51,431,32114
2026-01-02 10:14:12,74.51,418,31145
2026-01-02 10:14:13,74.51,409,30475
2026-01-02 10:14:14,74.51,413,30773
2026-01-02 10:14:15,74.51,395,29431
2026-01-02 10:14:16,74.51,412,30698
2026-01-02 10:14:17,74.51,411,30624
2026-01-02 10:14:18,74.51,438,32635
2026-01-02 10:14:19,74.51,389,28984
2026-01-02 10:14:20,74.51,382,28463
2026-01-02 10:14:21,74.51,403,30028
2026-01-02 10:14:22,74.51,371,27643
2026-01-02 10:14:23,74.51,353,26302
2026-01-02 10:14:24,74.51,398,29655
2026-01-02 10:14:25,74.51,409,30475
2026-01-02 10:14:26,74.51,410,30549
2026-01-02 10:14:27,74.51,419,31220
2026-01-02 10:14:28,74.51,421,31369
2026-01-02 10:14:29,74.51,413,30773
2026-01-02 10:14:30,74.51,416,30996
2026-01-02 10:14:31,74.51,411,30624
2026-01-02 10:14:32,74.51,399,29729
2026-01-02 10:14:33,74.51,452,33679
2026-01-02 10:14:34,74.51,411,30624
2026-01-02 10:14:35,74.51,411,30624
2026-01-02 10:14:36,74.51,396,29506
2026-01-02 10:14:37,74.51,469,34945
2026-01-02 10:14:38,74.51,407,30326
2026-01-02 10:14:39,74.51,451,33604
2026-01-02 10:14:40,74.51,376,28016
2026-01-02 10:14:41,74.51,434,32337
2026-01-02 10:14:42,74.51,429,31965
2026-01-02 10:14:43,74.51,403,30028
2026-01-02 10:14:44,74.51,432,32188
2026-01-02 10:14:45,74.51,390,29059
2026-01-02 10:14:46,74.51,402,29953
2026-01-02 10:14:47,74.51,394,29357
2026-01-02 10:14:48,74.51,418,31145
2026-01-02 10:14:49,74.51,400,29804
2026-01-02 10:14:50,74.51,424,31592
2026-01-02 10:14:51,74.51,377,28090
2026-01-02 10:14:52,74.51,390,29059
2026-01-02 10:14:53,74.51,416,30996
2026-01-02 10:14:54,74.51,418,31145
2026-01-02 10:14:55,74.51,363,27047
2026-01-02 10:14:56,74.51,416,30996
2026-01-02 10:14:57,74.51,397,29580
2026-01-02 10:14:58,74.51,449,33455
2026-01-02 10:14:59,74.51,429,31965
2026-01-02 10:15:00,74.51,427,31816
2026-01-02 10:15:01,74.51,408,30400
2026-01-02 10:15:02,74.51,409,30475
2026-01-02 10:15:03,74.51,377,28090
2026-01-02 10:15:04,74.51,484,36063
2026-01-02 10:15:05,74.51,388,28910
2026-01-02 10:15:06,74.51,404,30102
2026-01-02 10:15:07,74.51,429,31965
2026-01-02 10:15:08,74.51,412,30698
2026-01-02 10:15:09,74.51,415,30922
2026-01-02 10:15:10,74.51,404,30102
2026-01-02 10:15:11,74.51,430,32039
2026-01-02 10:15:12,74.51,395,29431
2026-01-02 10:15:13,74.51,439,32710
2026-01-02 10:15:14,74.51,432,32188
2026-01-02 10:15:15,74.51,406,30251
2026-01-02 10:15:16,74.51,405,30177
2026-01-02 10:15:17,74.51,353,26302
2026-01-02 10:15:18,74.51,418,31145
2026-01-02 10:15:19,74.51,410,30549
2026-01-02 10:15:20,74.51,386,28761
2026-01-02 10:15:21,74.51,402,29953
2026-01-02 10:15:22,74.51,433,32263
2026-01-02 10:15:23,74.51,432,32188
2026-01-02 10:15:24,74.51,422,31443
2026-01-02 10:15:25,74.51,394,29357
2026-01-02 10:15:26,74.51,407,30326
2026-01-02 10:15:27,74.51,396,29506
2026-01-02 10:15:28,74.51,449,33455
2026-01-02 10:15:29,74.51,400,29804
2026-01-02 10:15:30,74.51,414,30847
2026-01-02 10:15:31,74.51,415,30922
2026-01-02 10:15:32,74.51,423,31518
2026-01-02 10:15:33,74.51,388,28910
2026-01-02 10:15:34,74.51,391,29133
2026-01-02 10:15:35,74.51,406,30251
2026-01-02 10:15:36,74.51,441,32859
2026-01-02 10:15:37,74.51,411,30624
2026-01-02 10:15:38,74.51,420,31294
2026-01-02 10:15:39,74.51,468,34871
2026-01-02 10:15:40,74.51,420,31294
2026-01-02 10:15:41,74.51,421,31369
2026-01-02 10:15:42,74.51,412,30698
2026-01-02 10:15:43,74.51,424,31592
2026-01-02 10:15:44,74.51,412,30698
2026-01-02 10:15:45,74.51,409,30475
2026-01-02 10:15:46,74.51,428,31890
2026-01-02 10:15:47,74.51,405,30177
2026-01-02 10:15:48,74.51,409,30475
2026-01-02 10:15:49,74.51,356,26526
2026-01-02 10:15:50,74.51,384,28612
2026-01-02 10:15:51,74.51,368,27420
2026-01-02 10:15:52,74.51,398,29655
2026-01-02 10:15:53,74.51,405,30177
2026-01-02 10:15:54,74.51,422,31443
2026-01-02 10:15:55,74.51,426,31741
2026-01-02 10:15:56,74.51,407,30326
2026-01-02 10:15:57,74.51,393,29282
2026-01-02 10:15:58,74.51,428,31890
2026-01-02 10:15:59,74.51,420,31294
2026-01-02 10:16:00,74.51,419,31220
2026-01-02 10:16:01,74.51,399,29729
2026-01-02 10:16:02,74.51,397,29580
2026-01-02 10:16:03,74.51,373,27792
2026-01-02 10:16:04,74.51,429,31965
2026-01-02 10:16:05,74.51,415,30922
2026-01-02 10:16:06,74.51,401,29879
2026-01-02 10:16:07,74.51,399,29729
2026-01-02 10:16:08,74.51,389,28984
2026-01-02 10:16:09,74.51,376,28016
2026-01-02 10:16:10,74.51,404,30102
2026-01-02 10:16:11,74.51,409,30475
2026-01-02 10:16:12,74.51,362,26973
2026-01-02 10:16:13,74.51,392,29208
2026-01-02 10:16:14,74.51,372,27718
2026-01-02 10:16:15,74.51,416,30996
