timestamp,price,volume,amount
2026-01-02 09:30:00,292.08,438,127931
2026-01-02 09:30:01,290.67,441,128185
2026-01-02 09:30:02,290.27,445,129170
2026-01-02 09:30:03,290.27,470,136427
2026-01-02 09:30:04,290.27,438,127138
2026-01-02 09:30:05,290.27,462,134105
2026-01-02 09:30:06,290.27,450,130621
2026-01-02 09:30:07,290.27,444,128880
2026-01-02 09:30:08,290.27,445,129170
2026-01-02 09:30:09,290.27,408,118430
2026-01-02 09:30:10,290.27,448,130041
2026-01-02 09:30:11,290.27,450,130621
2026-01-02 09:30:12,290.27,422,122494
2026-01-02 09:30:13,290.27,419,121623
2026-01-02 09:30:14,290.27,423,122784
2026-01-02 09:30:15,290.27,469,136137
2026-01-02 09:30:16,290.27,428,124236
2026-01-02 09:30:17,290.27,410,119011
2026-01-02 09:30:18,290.27,418,121333
2026-01-02 09:30:19,290.27,432,125397
2026-01-02 09:30:20,290.27,446,129460
2026-01-02 09:30:21,290.27,437,126848
2026-01-02 09:30:22,290.27,434,125977
2026-01-02 09:30:23,290.27,439,127429
2026-01-02 09:30:24,290.27,444,128880
2026-01-02 09:30:25,290.27,441,128009
2026-01-02 09:30:26,290.27,438,127138
2026-01-02 09:30:27,290.27,515,149489
2026-01-02 09:30:28,290.27,433,125687
2026-01-02 09:30:29,290.27,423,122784
2026-01-02 09:30:30,290.27,436,126558
2026-01-02 09:30:31,290.27,451,130912
2026-01-02 09:30:32,290.27,413,119882
2026-01-02 09:30:33,290.27,394,114366
2026-01-02 09:30:34,290.27,440,127719
2026-01-02 09:30:35,290.27,428,124236
2026-01-02 09:30:36,290.27,469,136137
2026-01-02 09:30:37,290.27,431,125106
2026-01-02 09:30:38,290.27,418,121333
2026-01-02 09:30:39,290.27,427,123945
2026-01-02 09:30:40,290.27,449,130331
2026-01-02 09:30:41,290.27,397,115237
2026-01-02 09:30:42,290.27,461,133814
2026-01-02 09:30:43,290.64,438,127300
2026-01-02 09:30:44,290.27,435,126267
2026-01-02 09:30:45,290.27,406,117850
2026-01-02 09:30:46,290.27,403,116979
2026-01-02 09:30:47,290.27,452,131202
2026-01-02 09:30:48,290.27,436,126558
2026-01-02 09:30:49,290.27,400,116108
2026-01-02 09:30:50,290.80,419,121845
2026-01-02 09:30:51,290.27,457,132653
2026-01-02 09:30:52,290.62,431,125257
2026-01-02 09:30:53,290.82,422,122726
2026-01-02 09:30:54,291.41,460,134049
2026-01-02 09:30:55,291.48,452,131749
2026-01-02 09:30:56,290.64,455,132241
2026-01-02 09:30:57,290.27,421,122204
2026-01-02 09:30:58,290.27,443,128590
2026-01-02 09:30:59,290.27,473,137298
2026-01-02 09:31:00,290.27,460,133524
2026-01-02 09:31:01,290.27,408,118430
2026-01-02 09:31:02,290.92,424,123350
2026-01-02 09:31:03,290.38,417,121088
2026-01-02 09:31:04,290.27,447,129751
2026-01-02 09:31:05,290.27,438,127138
2026-01-02 09:31:06,290.27,423,122784
2026-01-02 09:31:07,290.27,463,134395
2026-01-02 09:31:08,290.67,446,129639
2026-01-02 09:31:09,290.27,434,125977
2026-01-02 09:31:10,290.90,421,122469
2026-01-02 09:31:11,291.31,426,124098
2026-01-02 09:31:12,290.40,440,127776
2026-01-02 09:31:13,290.45,413,119956
2026-01-02 09:31:14,290.27,465,134976
2026-01-02 09:31:15,290.27,446,129460
2026-01-02 09:31:16,290.27,477,138459
2026-01-02 09:31:17,290.27,426,123655
2026-01-02 09:31:18,290.27,432,125397
2026-01-02 09:31:19,290.27,450,130621
2026-01-02 09:31:20,290.27,432,125397
2026-01-02 09:31:21,290.27,463,134395
2026-01-02 09:31:22,290.27,452,131202
2026-01-02 09:31:23,290.27,460,133524
2026-01-02 09:31:24,290.93,429,124809
2026-01-02 09:31:25,290.27,416,120752
2026-01-02 09:31:26,290.27,431,125106
2026-01-02 09:31:27,290.27,433,125687
2026-01-02 09:31:28,290.27,431,125106
2026-01-02 09:31:29,290.27,446,129460
2026-01-02 09:31:30,290.27,438,127138
2026-01-02 09:31:31,290.27,407,118140
2026-01-02 09:31:32,290.27,466,135266
2026-01-02 09:31:33,290.27,429,124526
2026-01-02 09:31:34,290.27,416,120752
2026-01-02 09:31:35,290.51,425,123467
2026-01-02 09:31:36,290.27,456,132363
2026-01-02 09:31:37,290.27,419,121623
2026-01-02 09:31:38,290.86,447,130014
2026-01-02 09:31:39,290.81,430,125048
2026-01-02 09:31:40,291.54,440,128278
2026-01-02 09:31:41,290.80,419,121845
2026-01-02 09:31:42,290.27,434,125977
2026-01-02 09:31:43,290.27,443,128590
2026-01-02 09:31:44,290.64,411,119453
2026-01-02 09:31:45,290.27,424,123074
2026-01-02 09:31:46,290.27,444,128880
2026-01-02 09:31:47,290.27,442,128299
2026-01-02 09:31:48,290.27,408,118430
2026-01-02 09:31:49,290.27,420,121913
2026-01-02 09:31:50,290.27,454,131783
2026-01-02 09:31:51,290.27,441,128009
2026-01-02 09:31:52,290.27,407,118140
2026-01-02 09:31:53,290.27,412,119591
2026-01-02 09:31:54,290.27,406,117850
2026-01-02 09:31:55,290.27,441,128009
2026-01-02 09:31:56,290.27,411,119301
2026-01-02 09:31:57,290.27,409,118720
2026-01-02 09:31:58,290.27,435,126267
2026-01-02 09:31:59,290.27,452,131202
2026-01-02 09:32:00,290.27,427,123945
2026-01-02 09:32:01,290.27,420,121913
2026-01-02 09:32:02,290.27,422,122494
2026-01-02 09:32:03,290.27,406,117850
2026-01-02 09:32:04,290.27,383,111173
2026-01-02 09:32:05,290.27,460,133524
2026-01-02 09:32:06,290.27,442,128299
2026-01-02 09:32:07,290.27,422,122494
2026-01-02 09:32:08,290.27,426,123655
2026-01-02 09:32:09,290.27,467,135556
2026-01-02 09:32:10,290.27,461,133814
2026-01-02 09:32:11,290.27,451,130912
2026-01-02 09:32:12,290.27,435,126267
2026-01-02 09:32:13,290.27,411,119301
2026-01-02 09:32:14,290.27,416,120752
2026-01-02 09:32:15,290.27,426,123655
2026-01-02 09:32:16,290.27,417,121043
2026-01-02 09:32:17,290.27,367,106529
2026-01-02 09:32:18,290.27,428,124236
2026-01-02 09:32:19,290.27,460,133524
2026-01-02 09:32:20,290.27,429,124526
2026-01-02 09:32:21,290.27,422,122494
2026-01-02 09:32:22,290.27,417,121043
2026-01-02 09:32:23,290.27,443,128590
2026-01-02 09:32:24,290.27,452,131202
2026-01-02 09:32:25,290.27,439,127429
2026-01-02 09:32:26,290.27,444,128880
2026-01-02 09:32:27,290.27,436,126558
2026-01-02 09:32:28,290.27,435,126267
2026-01-02 09:32:29,290.27,444,128880
2026-01-02 09:32:30,290.27,430,124816
2026-01-02 09:32:31,290.27,450,130621
2026-01-02 09:32:32,290.27,422,122494
2026-01-02 09:32:33,290.27,414,120172
2026-01-02 09:32:34,290.27,458,132944
2026-01-02 09:32:35,290.27,456,132363
2026-01-02 09:32:36,290.27,418,121333
2026-01-02 09:32:37,290.27,450,130621
2026-01-02 09:32:38,290.27,412,119591
2026-01-02 09:32:39,290.27,396,114947
2026-01-02 09:32:40,290.27,442,128299
2026-01-02 09:32:41,290.27,420,121913
2026-01-02 09:32:42,290.27,455,132073
2026-01-02 09:32:43,290.27,448,130041
2026-01-02 09:32:44,290.27,447,129751
2026-01-02 09:32:45,290.27,433,125687
2026-01-02 09:32:46,290.27,426,123655
2026-01-02 09:32:47,290.27,383,111173
2026-01-02 09:32:48,290.27,427,123945
2026-01-02 09:32:49,290.27,419,121623
2026-01-02 09:32:50,290.27,406,117850
2026-01-02 09:32:51,290.27,383,111173
2026-01-02 09:32:52,290.27,403,116979
2026-01-02 09:32:53,290.27,427,123945
2026-01-02 09:32:54,290.27,437,126848
2026-01-02 09:32:55,290.27,431,125106
2026-01-02 09:32:56,290.27,429,124526
2026-01-02 09:32:57,290.27,422,122494
2026-01-02 09:32:58,290.27,397,115237
2026-01-02 09:32:59,290.27,427,123945
2026-01-02 09:33:00,290.27,420,121913
2026-01-02 09:33:01,290.27,438,127138
2026-01-02 09:33:02,290.27,394,114366
2026-01-02 09:33:03,290.27,448,130041
2026-01-02 09:33:04,290.27,404,117269
2026-01-02 09:33:05,290.27,402,116689
2026-01-02 09:33:06,290.27,399,115818
2026-01-02 09:33:07,290.27,430,124816
2026-01-02 09:33:08,290.27,437,126848
2026-01-02 09:33:09,290.27,438,127138
2026-01-02 09:33:10,290.27,430,124816
2026-01-02 09:33:11,290.27,414,120172
2026-01-02 09:33:12,290.27,449,130331
2026-01-02 09:33:13,290.27,424,123074
2026-01-02 09:33:14,290.27,415,120462
2026-01-02 09:33:15,290.27,425,123365
2026-01-02 09:33:16,290.27,402,116689
2026-01-02 09:33:17,290.27,372,107980
2026-01-02 09:33:18,290.27,427,123945
2026-01-02 09:33:19,290.27,422,122494
2026-01-02 09:33:20,290.27,423,122784
2026-01-02 09:33:21,290.27,432,125397
2026-01-02 09:33:22,290.27,411,119301
2026-01-02 09:33:23,290.27,424,123074
2026-01-02 09:33:24,290.27,429,124526
2026-01-02 09:33:25,290.27,429,124526
2026-01-02 09:33:26,290.27,382,110883
2026-01-02 09:33:27,290.27,436,126558
2026-01-02 09:33:28,290.27,417,121043
2026-01-02 09:33:29,290.27,440,127719
2026-01-02 09:33:30,290.27,443,128590
2026-01-02 09:33:31,290.27,433,125687
2026-01-02 09:33:32,290.27,426,123655
2026-01-02 09:33:33,290.27,451,130912
2026-01-02 09:33:34,290.27,420,121913
2026-01-02 09:33:35,290.27,396,114947
2026-01-02 09:33:36,290.27,449,130331
2026-01-02 09:33:37,290.27,414,120172
2026-01-02 09:33:38,290.27,430,124816
2026-01-02 09:33:39,290.27,409,118720
2026-01-02 09:33:40,290.27,401,116398
2026-01-02 09:33:41,290.27,419,121623
2026-01-02 09:33:42,290.27,426,123655
2026-01-02 09:33:43,290.27,463,134395
2026-01-02 09:33:44,290.27,389,112915
2026-01-02 09:33:45,290.27,398,115527
2026-01-02 09:33:46,290.27,485,140781
2026-01-02 09:33:47,290.27,438,127138
2026-01-02 09:33:48,290.27,392,113786
2026-01-02 09:33:49,290.27,421,122204
2026-01-02 09:33:50,290.27,449,130331
2026-01-02 09:33:51,290.27,448,130041
2026-01-02 09:33:52,290.27,419,121623
2026-01-02 09:33:53,290.27,398,115527
2026-01-02 09:33:54,290.27,399,115818
2026-01-02 09:33:55,290.27,406,117850
2026-01-02 09:33:56,290.27,442,128299
2026-01-02 09:33:57,290.27,419,121623
2026-01-02 09:33:58,290.27,428,124236
2026-01-02 09:33:59,290.27,416,120752
2026-01-02 09:34:00,290.27,393,114076
2026-01-02 09:34:01,290.27,440,127719
2026-01-02 09:34:02,290.27,409,118720
2026-01-02 09:34:03,290.27,429,124526
2026-01-02 09:34:04,290.27,425,123365
2026-01-02 09:34:05,290.27,382,110883
2026-01-02 09:34:06,290.27,433,125687
2026-01-02 09:34:07,290.27,430,124816
2026-01-02 09:34:08,290.27,413,119882
2026-01-02 09:34:09,290.27,390,113205
2026-01-02 09:34:10,290.27,383,111173
2026-01-02 09:34:11,290.27,416,120752
2026-01-02 09:34:12,290.27,448,130041
2026-01-02 09:34:13,290.27,418,121333
2026-01-02 09:34:14,290.27,437,126848
2026-01-02 09:34:15,290.27,410,119011
2026-01-02 09:34:16,290.27,422,122494
2026-01-02 09:34:17,290.27,418,121333
2026-01-02 09:34:18,290.27,432,125397
2026-01-02 09:34:19,290.27,407,118140
2026-01-02 09:34:20,290.27,429,124526
2026-01-02 09:34:21,290.27,422,122494
2026-01-02 09:34:22,290.27,389,112915
2026-01-02 09:34:23,290.27,405,117559
2026-01-02 09:34:24,290.27,435,126267
2026-01-02 09:34:25,290.27,441,128009
2026-01-02 09:34:26,290.27,394,114366
2026-01-02 09:34:27,290.27,394,114366
2026-01-02 09:34:28,290.27,396,114947
2026-01-02 09:34:29,290.27,446,129460
2026-01-02 09:34:30,290.27,405,117559
2026-01-02 09:34:31,290.27,428,124236
2026-01-02 09:34:32,290.27,403,116979
2026-01-02 09:34:33,290.27,442,128299
2026-01-02 09:34:34,290.27,407,118140
2026-01-02 09:34:35,290.27,417,121043
2026-01-02 09:34:36,290.27,403,116979
2026-01-02 09:34:37,290.27,439,127429
2026-01-02 09:34:38,290.27,407,118140
2026-01-02 09:34:39,290.27,439,127429
2026-01-02 09:34:40,290.27,419,121623
2026-01-02 09:34:41,290.27,412,119591
2026-01-02 09:34:42,290.27,427,123945
2026-01-02 09:34:43,290.27,401,116398
2026-01-02 09:34:44,290.27,400,116108
2026-01-02 09:34:45,290.27,424,123074
2026-01-02 09:34:46,290.27,408,118430
2026-01-02 09:34:47,290.27,397,115237
2026-01-02 09:34:48,290.27,420,121913
2026-01-02 09:34:49,290.27,431,125106
2026-01-02 09:34:50,290.27,408,118430
2026-01-02 09:34:51,290.27,405,117559
2026-01-02 09:34:52,290.27,408,118430
2026-01-02 09:34:53,290.27,443,128590
2026-01-02 09:34:54,290.27,402,116689
2026-01-02 09:34:55,290.27,411,119301
2026-01-02 09:34:56,290.27,438,127138
2026-01-02 09:34:57,290.27,467,135556
2026-01-02 09:34:58,290.27,415,120462
2026-01-02 09:34:59,290.27,426,123655
2026-01-02 09:35:00,290.27,408,118430
2026-01-02 09:35:01,290.27,401,116398
2026-01-02 09:35:02,290.27,432,125397
2026-01-02 09:35:03,290.27,419,121623
2026-01-02 09:35:04,290.27,439,127429
2026-01-02 09:35:05,290.27,446,129460
2026-01-02 09:35:06,290.27,358,103917
2026-01-02 09:35:07,290.27,445,129170
2026-01-02 09:35:08,290.27,435,126267
2026-01-02 09:35:09,290.27,391,113496
2026-01-02 09:35:10,290.27,410,119011
2026-01-02 09:35:11,290.27,415,120462
2026-01-02 09:35:12,290.27,424,123074
2026-01-02 09:35:13,290.27,422,122494
2026-01-02 09:35:14,290.27,410,119011
2026-01-02 09:35:15,290.27,405,117559
2026-01-02 09:35:16,290.27,403,116979
2026-01-02 09:35:17,290.27,415,120462
2026-01-02 09:35:18,290.27,399,115818
2026-01-02 09:35:19,290.27,406,117850
2026-01-02 09:35:20,290.27,441,128009
2026-01-02 09:35:21,290.27,418,121333
2026-01-02 09:35:22,290.27,372,107980
2026-01-02 09:35:23,290.27,425,123365
2026-01-02 09:35:24,290.27,392,113786
2026-01-02 09:35:25,290.27,418,121333
2026-01-02 09:35:26,290.27,404,117269
2026-01-02 09:35:27,290.27,426,123655
2026-01-02 09:35:28,290.27,366,106239
2026-01-02 09:35:29,290.27,456,132363
2026-01-02 09:35:30,290.27,440,127719
2026-01-02 09:35:31,290.27,444,128880
2026-01-02 09:35:32,290.27,386,112044
2026-01-02 09:35:33,290.27,383,111173
2026-01-02 09:35:34,290.27,399,115818
2026-01-02 09:35:35,290.27,411,119301
2026-01-02 09:35:36,290.27,431,125106
2026-01-02 09:35:37,290.27,420,121913
2026-01-02 09:35:38,290.27,398,115527
2026-01-02 09:35:39,290.27,424,123074
2026-01-02 09:35:40,290.27,418,121333
2026-01-02 09:35:41,290.27,431,125106
2026-01-02 09:35:42,290.27,414,120172
2026-01-02 09:35:43,290.27,394,114366
2026-01-02 09:35:44,290.27,431,125106
2026-01-02 09:35:45,290.27,398,115527
2026-01-02 09:35:46,290.27,442,128299
2026-01-02 09:35:47,290.27,386,112044
2026-01-02 09:35:48,290.27,421,122204
2026-01-02 09:35:49,290.27,405,117559
2026-01-02 09:35:50,290.27,378,109722
2026-01-02 09:35:51,290.27,415,120462
2026-01-02 09:35:52,290.27,411,119301
2026-01-02 09:35:53,290.27,415,120462
2026-01-02 09:35:54,290.27,417,121043
2026-01-02 09:35:55,290.27,403,116979
2026-01-02 09:35:56,290.27,390,113205
2026-01-02 09:35:57,290.27,425,123365
2026-01-02 09:35:58,290.27,430,124816
2026-01-02 09:35:59,290.27,414,120172
2026-01-02 09:36:00,290.27,412,119591
2026-01-02 09:36:01,290.27,401,116398
2026-01-02 09:36:02,290.27,390,113205
2026-01-02 09:36:03,290.27,410,119011
2026-01-02 09:36:04,290.27,417,121043
2026-01-02 09:36:05,290.27,407,118140
2026-01-02 09:36:06,290.27,440,127719
2026-01-02 09:36:07,290.27,425,123365
2026-01-02 09:36:08,290.27,400,116108
2026-01-02 09:36:09,290.27,376,109142
2026-01-02 09:36:10,290.27,393,114076
2026-01-02 09:36:11,290.27,395,114657
2026-01-02 09:36:12,290.27,408,118430
2026-01-02 09:36:13,290.27,402,116689
2026-01-02 09:36:14,290.27,418,121333
2026-01-02 09:36:15,290.27,425,123365
2026-01-02 09:36:16,290.27,396,114947
2026-01-02 09:36:17,290.27,418,121333
2026-01-02 09:36:18,290.27,438,127138
2026-01-02 09:36:19,290.27,405,117559
2026-01-02 09:36:20,290.27,437,126848
2026-01-02 09:36:21,290.27,406,117850
2026-01-02 09:36:22,290.27,416,120752
2026-01-02 09:36:23,290.27,425,123365
2026-01-02 09:36:24,290.27,417,121043
2026-01-02 09:36:25,290.27,384,111464
2026-01-02 09:36:26,290.27,404,117269
2026-01-02 09:36:27,290.27,400,116108
2026-01-02 09:36:28,290.27,418,121333
2026-01-02 09:36:29,290.27,372,107980
2026-01-02 09:36:30,290.27,393,114076
2026-01-02 09:36:31,290.27,378,109722
2026-01-02 09:36:32,290.27,412,119591
2026-01-02 09:36:33,290.27,389,112915
2026-01-02 09:36:34,290.27,434,125977
2026-01-02 09:36:35,290.27,412,119591
2026-01-02 09:36:36,290.27,417,121043
2026-01-02 09:36:37,290.27,412,119591
2026-01-02 09:36:38,290.27,357,103626
2026-01-02 09:36:39,290.27,378,109722
2026-01-02 09:36:40,290.27,346,100433
2026-01-02 09:36:41,290.27,396,114947
2026-01-02 09:36:42,290.27,424,123074
2026-01-02 09:36:43,290.27,415,120462
2026-01-02 09:36:44,290.27,406,117850
2026-01-02 09:36:45,290.27,362,105078
2026-01-02 09:36:46,290.27,412,119591
2026-01-02 09:36:47,290.27,396,114947
2026-01-02 09:36:48,290.27,426,123655
2026-01-02 09:36:49,290.27,382,110883
2026-01-02 09:36:50,290.27,365,105949
2026-01-02 09:36:51,290.27,437,126848
2026-01-02 09:36:52,290.27,399,115818
2026-01-02 09:36:53,290.27,400,116108
2026-01-02 09:36:54,290.27,395,114657
2026-01-02 09:36:55,290.27,416,120752
2026-01-02 09:36:56,290.27,430,124816
2026-01-02 09:36:57,290.27,431,125106
2026-01-02 09:36:58,290.27,406,117850
2026-01-02 09:36:59,290.27,384,111464
2026-01-02 09:37:00,290.27,439,127429
2026-01-02 09:37:01,290.27,412,119591
2026-01-02 09:37:02,290.27,378,109722
2026-01-02 09:37:03,290.27,420,121913
2026-01-02 09:37:04,290.27,422,122494
2026-01-02 09:37:05,290.27,422,122494
2026-01-02 09:37:06,290.27,375,108851
2026-01-02 09:37:07,290.27,403,116979
2026-01-02 09:37:08,290.27,431,125106
2026-01-02 09:37:09,290.27,419,121623
2026-01-02 09:37:10,290.27,380,110303
2026-01-02 09:37:11,290.27,426,123655
2026-01-02 09:37:12,290.27,369,107110
2026-01-02 09:37:13,290.27,400,116108
2026-01-02 09:37:14,290.27,398,115527
2026-01-02 09:37:15,290.27,398,115527
2026-01-02 09:37:16,290.27,415,120462
2026-01-02 09:37:17,290.27,426,123655
2026-01-02 09:37:18,290.27,391,113496
2026-01-02 09:37:19,290.27,421,122204
2026-01-02 09:37:20,290.27,418,121333
2026-01-02 09:37:21,290.27,400,116108
2026-01-02 09:37:22,290.27,407,118140
2026-01-02 09:37:23,290.27,385,111754
2026-01-02 09:37:24,290.27,396,114947
2026-01-02 09:37:25,290.27,374,108561
2026-01-02 09:37:26,290.27,399,115818
2026-01-02 09:37:27,290.27,376,109142
2026-01-02 09:37:28,290.27,397,115237
2026-01-02 09:37:29,290.27,375,108851
2026-01-02 09:37:30,290.27,393,114076
2026-01-02 09:37:31,290.27,386,112044
2026-01-02 09:37:32,290.27,407,118140
2026-01-02 09:37:33,290.27,375,108851
2026-01-02 09:37:34,290.27,372,107980
2026-01-02 09:37:35,290.27,415,120462
2026-01-02 09:37:36,290.27,390,113205
2026-01-02 09:37:37,290.27,364,105658
2026-01-02 09:37:38,290.27,400,116108
2026-01-02 09:37:39,290.27,430,124816
2026-01-02 09:37:40,290.27,405,117559
2026-01-02 09:37:41,290.27,395,114657
2026-01-02 09:37:42,290.27,421,122204
2026-01-02 09:37:43,290.27,418,121333
2026-01-02 09:37:44,290.27,402,116689
2026-01-02 09:37:45,290.27,405,117559
2026-01-02 09:37:46,290.27,400,116108
2026-01-02 09:37:47,290.27,414,120172
2026-01-02 09:37:48,290.27,412,119591
2026-01-02 09:37:49,290.27,411,119301
2026-01-02 09:37:50,290.27,399,115818
2026-01-02 09:37:51,290.27,410,119011
2026-01-02 09:37:52,290.27,402,116689
2026-01-02 09:37:53,290.27,375,108851
2026-01-02 09:37:54,290.27,380,110303
2026-01-02 09:37:55,290.27,399,115818
2026-01-02 09:37:56,290.27,422,122494
2026-01-02 09:37:57,290.27,370,107400
2026-01-02 09:37:58,290.27,402,116689
2026-01-02 09:37:59,290.27,412,119591
2026-01-02 09:38:00,290.27,440,127719
2026-01-02 09:38:01,290.27,386,112044
2026-01-02 09:38:02,290.27,392,113786
2026-01-02 09:38:03,290.27,416,120752
2026-01-02 09:38:04,290.27,417,121043
2026-01-02 09:38:05,290.27,399,115818
2026-01-02 09:38:06,290.27,390,113205
2026-01-02 09:38:07,290.27,390,113205
2026-01-02 09:38:08,290.27,429,124526
2026-01-02 09:38:09,290.27,399,115818
2026-01-02 09:38:10,290.27,409,118720
2026-01-02 09:38:11,290.27,370,107400
2026-01-02 09:38:12,290.27,408,118430
2026-01-02 09:38:13,290.27,392,113786
2026-01-02 09:38:14,290.27,387,112334
2026-01-02 09:38:15,290.27,415,120462
2026-01-02 09:38:16,290.27,380,110303
2026-01-02 09:38:17,290.27,459,133234
2026-01-02 09:38:18,290.27,379,110012
2026-01-02 09:38:19,290.27,408,118430
2026-01-02 09:38:20,290.27,375,108851
2026-01-02 09:38:21,290.27,400,116108
2026-01-02 09:38:22,290.27,408,118430
2026-01-02 09:38:23,290.27,405,117559
2026-01-02 09:38:24,290.27,398,115527
2026-01-02 09:38:25,290.27,457,132653
2026-01-02 09:38:26,290.27,395,114657
2026-01-02 09:38:27,290.27,413,119882
2026-01-02 09:38:28,290.27,411,119301
2026-01-02 09:38:29,290.27,394,114366
2026-01-02 09:38:30,290.27,403,116979
2026-01-02 09:38:31,290.27,409,118720
2026-01-02 09:38:32,290.27,381,110593
2026-01-02 09:38:33,290.27,414,120172
2026-01-02 09:38:34,290.27,409,118720
2026-01-02 09:38:35,290.27,426,123655
2026-01-02 09:38:36,290.27,375,108851
2026-01-02 09:38:37,290.27,410,119011
2026-01-02 09:38:38,290.27,402,116689
2026-01-02 09:38:39,290.27,413,119882
2026-01-02 09:38:40,290.27,429,124526
2026-01-02 09:38:41,290.27,378,109722
2026-01-02 09:38:42,290.27,398,115527
2026-01-02 09:38:43,290.27,401,116398
2026-01-02 09:38:44,290.27,387,112334
2026-01-02 09:38:45,290.27,386,112044
2026-01-02 09:38:46,290.27,390,113205
2026-01-02 09:38:47,290.27,390,113205
2026-01-02 09:38:48,290.27,384,111464
2026-01-02 09:38:49,290.27,369,107110
2026-01-02 09:38:50,290.27,396,114947
2026-01-02 09:38:51,290.27,396,114947
2026-01-02 09:38:52,290.27,439,127429
2026-01-02 09:38:53,290.27,372,107980
2026-01-02 09:38:54,290.27,379,110012
2026-01-02 09:38:55,290.27,364,105658
2026-01-02 09:38:56,290.27,382,110883
2026-01-02 09:38:57,290.27,416,120752
2026-01-02 09:38:58,290.27,440,127719
2026-01-02 09:38:59,290.27,400,116108
2026-01-02 09:39:00,290.27,405,117559
2026-01-02 09:39:01,290.27,373,108271
2026-01-02 09:39:02,290.27,428,124236
2026-01-02 09:39:03,290.27,412,119591
2026-01-02 09:39:04,290.27,427,123945
2026-01-02 09:39:05,290.27,400,116108
2026-01-02 09:39:06,290.27,433,125687
2026-01-02 09:39:07,290.27,408,118430
2026-01-02 09:39:08,290.27,392,113786
2026-01-02 09:39:09,290.27,324,94047
2026-01-02 09:39:10,290.27,384,111464
2026-01-02 09:39:11,290.27,393,114076
2026-01-02 09:39:12,290.27,411,119301
2026-01-02 09:39:13,290.27,394,114366
2026-01-02 09:39:14,290.27,424,123074
2026-01-02 09:39:15,290.27,410,119011
2026-01-02 09:39:16,290.27,390,113205
2026-01-02 09:39:17,290.27,387,112334
2026-01-02 09:39:18,290.27,409,118720
2026-01-02 09:39:19,290.27,440,127719
2026-01-02 09:39:20,290.27,375,108851
2026-01-02 09:39:21,290.27,399,115818
2026-01-02 09:39:22,290.27,394,114366
2026-01-02 09:39:23,290.27,382,110883
2026-01-02 09:39:24,290.27,402,116689
2026-01-02 09:39:25,290.27,417,121043
2026-01-02 09:39:26,290.27,417,121043
2026-01-02 09:39:27,290.27,401,116398
2026-01-02 09:39:28,290.27,418,121333
2026-01-02 09:39:29,290.27,411,119301
2026-01-02 09:39:30,290.27,376,109142
2026-01-02 09:39:31,290.27,423,122784
2026-01-02 09:39:32,290.27,391,113496
2026-01-02 09:39:33,290.27,347,100724
2026-01-02 09:39:34,290.27,415,120462
2026-01-02 09:39:35,290.27,431,125106
2026-01-02 09:39:36,290.27,393,114076
2026-01-02 09:39:37,290.27,385,111754
2026-01-02 09:39:38,290.27,413,119882
2026-01-02 09:39:39,290.27,407,118140
2026-01-02 09:39:40,290.27,374,108561
2026-01-02 09:39:41,290.27,401,116398
2026-01-02 09:39:42,290.27,401,116398
2026-01-02 09:39:43,290.27,365,105949
2026-01-02 09:39:44,290.27,384,111464
2026-01-02 09:39:45,290.27,414,120172
2026-01-02 09:39:46,290.27,374,108561
2026-01-02 09:39:47,290.27,391,113496
2026-01-02 09:39:48,290.27,451,130912
2026-01-02 09:39:49,290.27,385,111754
2026-01-02 09:39:50,290.27,378,109722
2026-01-02 09:39:51,290.27,417,121043
2026-01-02 09:39:52,290.27,413,119882
2026-01-02 09:39:53,290.27,416,120752
2026-01-02 09:39:54,290.27,386,112044
2026-01-02 09:39:55,290.27,396,114947
2026-01-02 09:39:56,290.27,377,109432
2026-01-02 09:39:57,290.27,338,98111
2026-01-02 09:39:58,290.27,394,114366
2026-01-02 09:39:59,290.27,396,114947
2026-01-02 09:40:00,290.27,393,114076
2026-01-02 09:40:01,290.27,429,124526
2026-01-02 09:40:02,290.27,413,119882
2026-01-02 09:40:03,290.27,368,106819
2026-01-02 09:40:04,290.27,403,116979
2026-01-02 09:40:05,290.27,397,115237
2026-01-02 09:40:06,290.27,382,110883
2026-01-02 09:40:07,290.27,403,116979
2026-01-02 09:40:08,290.27,394,114366
2026-01-02 09:40:09,290.27,393,114076
2026-01-02 09:40:10,290.27,406,117850
2026-01-02 09:40:11,290.27,414,120172
2026-01-02 09:40:12,290.27,402,116689
2026-01-02 09:40:13,290.27,399,115818
2026-01-02 09:40:14,290.27,380,110303
2026-01-02 09:40:15,290.27,413,119882
2026-01-02 09:40:16,290.27,375,108851
2026-01-02 09:40:17,290.27,386,112044
2026-01-02 09:40:18,290.27,424,123074
2026-01-02 09:40:19,290.27,411,119301
2026-01-02 09:40:20,290.27,392,113786
2026-01-02 09:40:21,290.27,394,114366
2026-01-02 09:40:22,290.27,400,116108
2026-01-02 09:40:23,290.27,371,107690
2026-01-02 09:40:24,290.27,403,116979
2026-01-02 09:40:25,290.27,402,116689
2026-01-02 09:40:26,290.27,395,114657
2026-01-02 09:40:27,290.27,355,103046
2026-01-02 09:40:28,290.27,391,113496
2026-01-02 09:40:29,290.27,399,115818
2026-01-02 09:40:30,290.27,411,119301
2026-01-02 09:40:31,290.27,365,105949
2026-01-02 09:40:32,290.27,407,118140
2026-01-02 09:40:33,290.27,404,117269
2026-01-02 09:40:34,290.27,413,119882
2026-01-02 09:40:35,290.27,393,114076
2026-01-02 09:40:36,290.27,394,114366
2026-01-02 09:40:37,290.27,395,114657
2026-01-02 09:40:38,290.27,388,112625
2026-01-02 09:40:39,290.27,355,103046
2026-01-02 09:40:40,290.27,378,109722
2026-01-02 09:40:41,290.27,413,119882
2026-01-02 09:40:42,290.27,402,116689
2026-01-02 09:40:43,290.27,389,112915
2026-01-02 09:40:44,290.27,401,116398
2026-01-02 09:40:45,290.27,403,116979
2026-01-02 09:40:46,290.27,377,109432
2026-01-02 09:40:47,290.27,411,119301
2026-01-02 09:40:48,290.27,403,116979
2026-01-02 09:40:49,290.27,388,112625
2026-01-02 09:40:50,290.27,422,122494
2026-01-02 09:40:51,290.27,358,103917
2026-01-02 09:40:52,290.27,359,104207
2026-01-02 09:40:53,290.27,372,107980
2026-01-02 09:40:54,290.27,357,103626
2026-01-02 09:40:55,290.27,378,109722
2026-01-02 09:40:56,290.27,395,114657
2026-01-02 09:40:57,290.27,352,102175
2026-01-02 09:40:58,290.27,401,116398
2026-01-02 09:40:59,290.27,405,117559
2026-01-02 09:41:00,290.27,408,118430
2026-01-02 09:41:01,290.27,399,115818
2026-01-02 09:41:02,290.27,411,119301
2026-01-02 09:41:03,290.27,371,107690
2026-01-02 09:41:04,290.27,423,122784
2026-01-02 09:41:05,290.27,411,119301
2026-01-02 09:41:06,290.27,384,111464
2026-01-02 09:41:07,290.27,392,113786
2026-01-02 09:41:08,290.27,387,112334
2026-01-02 09:41:09,290.27,425,123365
2026-01-02 09:41:10,290.27,391,113496
2026-01-02 09:41:11,290.27,418,121333
2026-01-02 09:41:12,290.27,393,114076
2026-01-02 09:41:13,290.27,408,118430
2026-01-02 09:41:14,290.27,384,111464
2026-01-02 09:41:15,290.27,373,108271
2026-01-02 09:41:16,290.27,360,104497
2026-01-02 09:41:17,290.27,379,110012
2026-01-02 09:41:18,290.27,368,106819
2026-01-02 09:41:19,290.27,378,109722
2026-01-02 09:41:20,290.27,372,107980
2026-01-02 09:41:21,290.27,379,110012
2026-01-02 09:41:22,290.27,364,105658
2026-01-02 09:41:23,290.27,379,110012
2026-01-02 09:41:24,290.27,398,115527
2026-01-02 09:41:25,290.27,360,104497
2026-01-02 09:41:26,290.27,436,126558
2026-01-02 09:41:27,290.27,363,105368
2026-01-02 09:41:28,290.27,383,111173
2026-01-02 09:41:29,290.27,364,105658
2026-01-02 09:41:30,290.27,396,114947
2026-01-02 09:41:31,290.27,391,113496
2026-01-02 09:41:32,290.27,397,115237
2026-01-02 09:41:33,290.27,368,106819
2026-01-02 09:41:34,290.27,354,102756
2026-01-02 09:41:35,290.27,383,111173
2026-01-02 09:41:36,290.27,377,109432
2026-01-02 09:41:37,290.27,354,102756
2026-01-02 09:41:38,290.27,359,104207
2026-01-02 09:41:39,290.27,428,124236
2026-01-02 09:41:40,290.27,371,107690
2026-01-02 09:41:41,290.27,402,116689
2026-01-02 09:41:42,290.27,396,114947
2026-01-02 09:41:43,290.27,380,110303
2026-01-02 09:41:44,290.27,395,114657
2026-01-02 09:41:45,290.27,389,112915
2026-01-02 09:41:46,290.27,416,120752
2026-01-02 09:41:47,290.27,360,104497
2026-01-02 09:41:48,290.27,378,109722
2026-01-02 09:41:49,290.27,417,121043
2026-01-02 09:41:50,290.27,407,118140
2026-01-02 09:41:51,290.27,403,116979
2026-01-02 09:41:52,290.27,402,116689
2026-01-02 09:41:53,290.27,417,121043
2026-01-02 09:41:54,290.27,404,117269
2026-01-02 09:41:55,290.27,387,112334
2026-01-02 09:41:56,290.27,401,116398
2026-01-02 09:41:57,290.27,403,116979
2026-01-02 09:41:58,290.27,386,112044
2026-01-02 09:41:59,290.27,351,101885
2026-01-02 09:42:00,290.27,347,100724
2026-01-02 09:42:01,290.27,391,113496
2026-01-02 09:42:02,290.27,376,109142
2026-01-02 09:42:03,290.27,386,112044
2026-01-02 09:42:04,290.27,386,112044
2026-01-02 09:42:05,290.27,385,111754
2026-01-02 09:42:06,290.27,401,116398
2026-01-02 09:42:07,290.27,413,119882
2026-01-02 09:42:08,290.27,405,117559
2026-01-02 09:42:09,290.27,392,113786
2026-01-02 09:42:10,290.27,376,109142
2026-01-02 09:42:11,290.27,397,115237
2026-01-02 09:42:12,290.27,360,104497
2026-01-02 09:42:13,290.27,351,101885
2026-01-02 09:42:14,290.27,374,108561
2026-01-02 09:42:15,290.27,387,112334
2026-01-02 09:42:16,290.27,340,98692
2026-01-02 09:42:17,290.27,388,112625
2026-01-02 09:42:18,290.27,405,117559
2026-01-02 09:42:19,290.27,368,106819
2026-01-02 09:42:20,290.27,383,111173
2026-01-02 09:42:21,290.27,343,99563
2026-01-02 09:42:22,290.27,386,112044
2026-01-02 09:42:23,290.27,398,115527
2026-01-02 09:42:24,290.27,391,113496
2026-01-02 09:42:25,290.27,396,114947
2026-01-02 09:42:26,290.27,382,110883
2026-01-02 09:42:27,290.27,374,108561
2026-01-02 09:42:28,290.27,390,113205
2026-01-02 09:42:29,290.27,389,112915
2026-01-02 09:42:30,290.27,375,108851
2026-01-02 09:42:31,290.27,383,111173
2026-01-02 09:42:32,290.27,369,107110
2026-01-02 09:42:33,290.27,380,110303
2026-01-02 09:42:34,290.27,426,123655
2026-01-02 09:42:35,290.27,369,107110
2026-01-02 09:42:36,290.27,390,113205
2026-01-02 09:42:37,290.27,372,107980
2026-01-02 09:42:38,290.27,410,119011
2026-01-02 09:42:39,290.27,377,109432
2026-01-02 09:42:40,290.27,395,114657
2026-01-02 09:42:41,290.27,365,105949
2026-01-02 09:42:42,290.27,403,116979
2026-01-02 09:42:43,290.42,370,107455
2026-01-02 09:42:44,290.93,353,102698
2026-01-02 09:42:45,290.92,369,107349
2026-01-02 09:42:46,291.62,357,104108
2026-01-02 09:42:47,290.27,391,113496
2026-01-02 09:42:48,290.27,395,114657
2026-01-02 09:42:49,290.27,351,101885
2026-01-02 09:42:50,290.27,359,104207
2026-01-02 09:42:51,290.27,382,110883
2026-01-02 09:42:52,290.27,328,95209
2026-01-02 09:42:53,290.27,335,97240
2026-01-02 09:42:54,290.27,392,113786
2026-01-02 09:42:55,290.27,391,113496
2026-01-02 09:42:56,290.27,368,106819
2026-01-02 09:42:57,290.27,397,115237
2026-01-02 09:42:58,290.27,391,113496
2026-01-02 09:42:59,290.27,385,111754
2026-01-02 09:43:00,290.27,370,107400
2026-01-02 09:43:01,290.27,381,110593
2026-01-02 09:43:02,290.27,405,117559
2026-01-02 09:43:03,290.27,397,115237
2026-01-02 09:43:04,290.27,393,114076
2026-01-02 09:43:05,290.27,389,112915
2026-01-02 09:43:06,290.27,429,124526
2026-01-02 09:43:07,290.27,388,112625
2026-01-02 09:43:08,290.27,398,115527
2026-01-02 09:43:09,290.27,393,114076
2026-01-02 09:43:10,290.27,380,110303
2026-01-02 09:43:11,290.27,378,109722
2026-01-02 09:43:12,290.27,408,118430
2026-01-02 09:43:13,290.27,414,120172
2026-01-02 09:43:14,290.27,351,101885
2026-01-02 09:43:15,290.27,359,104207
2026-01-02 09:43:16,290.27,375,108851
2026-01-02 09:43:17,290.27,387,112334
2026-01-02 09:43:18,290.27,378,109722
2026-01-02 09:43:19,290.27,407,118140
2026-01-02 09:43:20,290.27,356,103336
2026-01-02 09:43:21,290.27,392,113786
2026-01-02 09:43:22,290.27,385,111754
2026-01-02 09:43:23,290.27,325,94338
2026-01-02 09:43:24,290.27,383,111173
2026-01-02 09:43:25,290.27,373,108271
2026-01-02 09:43:26,290.27,390,113205
2026-01-02 09:43:27,290.27,390,113205
2026-01-02 09:43:28,290.27,366,106239
2026-01-02 09:43:29,290.27,378,109722
2026-01-02 09:43:30,290.27,379,110012
2026-01-02 09:43:31,290.27,355,103046
2026-01-02 09:43:32,290.27,336,97531
2026-01-02 09:43:33,290.27,423,122784
2026-01-02 09:43:34,290.27,381,110593
2026-01-02 09:43:35,290.27,377,109432
2026-01-02 09:43:36,290.27,377,109432
2026-01-02 09:43:37,290.27,398,115527
2026-01-02 09:43:38,290.27,378,109722
2026-01-02 09:43:39,290.27,362,105078
2026-01-02 09:43:40,290.27,388,112625
2026-01-02 09:43:41,290.27,386,112044
2026-01-02 09:43:42,290.27,352,102175
2026-01-02 09:43:43,290.27,382,110883
2026-01-02 09:43:44,290.27,365,105949
2026-01-02 09:43:45,290.27,365,105949
2026-01-02 09:43:46,290.27,344,99853
2026-01-02 09:43:47,290.27,382,110883
2026-01-02 09:43:48,290.27,375,108851
2026-01-02 09:43:49,290.27,397,115237
2026-01-02 09:43:50,290.27,392,113786
2026-01-02 09:43:51,290.27,354,102756
2026-01-02 09:43:52,290.27,376,109142
2026-01-02 09:43:53,290.27,374,108561
2026-01-02 09:43:54,290.27,372,107980
2026-01-02 09:43:55,290.27,375,108851
2026-01-02 09:43:56,290.27,365,105949
2026-01-02 09:43:57,290.27,361,104787
2026-01-02 09:43:58,290.27,404,117269
2026-01-02 09:43:59,290.27,362,105078
2026-01-02 09:44:00,290.27,374,108561
2026-01-02 09:44:01,290.27,343,99563
2026-01-02 09:44:02,290.27,365,105949
2026-01-02 09:44:03,290.27,370,107400
2026-01-02 09:44:04,290.27,412,119591
2026-01-02 09:44:05,290.27,356,103336
2026-01-02 09:44:06,290.27,369,107110
2026-01-02 09:44:07,290.27,363,105368
2026-01-02 09:44:08,290.27,348,101014
2026-01-02 09:44:09,290.27,399,115818
2026-01-02 09:44:10,290.27,394,114366
2026-01-02 09:44:11,290.27,358,103917
2026-01-02 09:44:12,290.27,398,115527
2026-01-02 09:44:13,290.27,406,117850
2026-01-02 09:44:14,290.27,394,114366
2026-01-02 09:44:15,290.27,361,104787
2026-01-02 09:44:16,290.27,366,106239
2026-01-02 09:44:17,290.27,390,113205
2026-01-02 09:44:18,290.27,380,110303
2026-01-02 09:44:19,290.27,363,105368
2026-01-02 09:44:20,290.27,372,107980
2026-01-02 09:44:21,290.27,351,101885
2026-01-02 09:44:22,290.27,320,92886
2026-01-02 09:44:23,290.27,377,109432
2026-01-02 09:44:24,290.27,359,104207
2026-01-02 09:44:25,290.27,340,98692
2026-01-02 09:44:26,290.27,393,114076
2026-01-02 09:44:27,290.27,398,115527
2026-01-02 09:44:28,290.27,408,118430
2026-01-02 09:44:29,290.27,380,110303
2026-01-02 09:44:30,290.27,378,109722
2026-01-02 09:44:31,290.27,341,98982
2026-01-02 09:44:32,290.27,382,110883
2026-01-02 09:44:33,290.27,350,101594
2026-01-02 09:44:34,290.27,392,113786
2026-01-02 09:44:35,290.27,350,101594
2026-01-02 09:44:36,290.27,399,115818
2026-01-02 09:44:37,290.27,380,110303
2026-01-02 09:44:38,290.27,423,122784
2026-01-02 09:44:39,290.27,395,114657
2026-01-02 09:44:40,290.27,370,107400
2026-01-02 09:44:41,290.27,361,104787
2026-01-02 09:44:42,290.27,351,101885
2026-01-02 09:44:43,290.27,370,107400
2026-01-02 09:44:44,290.27,385,111754
2026-01-02 09:44:45,290.27,354,102756
2026-01-02 09:44:46,290.27,367,106529
2026-01-02 09:44:47,290.27,362,105078
2026-01-02 09:44:48,290.27,414,120172
2026-01-02 09:44:49,290.27,356,103336
2026-01-02 09:44:50,290.27,372,107980
2026-01-02 09:44:51,290.27,385,111754
2026-01-02 09:44:52,290.27,368,106819
2026-01-02 09:44:53,290.27,368,106819
2026-01-02 09:44:54,290.27,386,112044
2026-01-02 09:44:55,290.27,385,111754
2026-01-02 09:44:56,290.27,373,108271
2026-01-02 09:44:57,290.27,372,107980
2026-01-02 09:44:58,290.27,364,105658
2026-01-02 09:44:59,290.27,334,96950
2026-01-02 09:45:00,290.27,392,113786
2026-01-02 09:45:01,290.27,378,109722
2026-01-02 09:45:02,290.27,365,105949
2026-01-02 09:45:03,290.27,353,102465
2026-01-02 09:45:04,290.27,384,111464
2026-01-02 09:45:05,290.27,377,109432
2026-01-02 09:45:06,290.27,385,111754
2026-01-02 09:45:07,290.27,361,104787
2026-01-02 09:45:08,290.27,388,112625
2026-01-02 09:45:09,290.27,354,102756
2026-01-02 09:45:10,290.27,377,109432
2026-01-02 09:45:11,290.27,375,108851
2026-01-02 09:45:12,290.27,371,107690
2026-01-02 09:45:13,290.27,386,112044
2026-01-02 09:45:14,290.27,371,107690
2026-01-02 09:45:15,290.27,356,103336
2026-01-02 09:45:16,290.27,390,113205
2026-01-02 09:45:17,290.27,351,101885
2026-01-02 09:45:18,290.27,357,103626
2026-01-02 09:45:19,290.27,357,103626
2026-01-02 09:45:20,290.27,351,101885
2026-01-02 09:45:21,290.27,352,102175
2026-01-02 09:45:22,290.27,362,105078
2026-01-02 09:45:23,290.27,359,104207
2026-01-02 09:45:24,290.27,385,111754
2026-01-02 09:45:25,290.27,351,101885
2026-01-02 09:45:26,290.27,353,102465
2026-01-02 09:45:27,290.27,372,107980
2026-01-02 09:45:28,290.27,329,95499
2026-01-02 09:45:29,290.27,390,113205
2026-01-02 09:45:30,290.27,357,103626
2026-01-02 09:45:31,290.27,353,102465
2026-01-02 09:45:32,290.27,383,111173
2026-01-02 09:45:33,290.27,377,109432
2026-01-02 09:45:34,290.27,391,113496
2026-01-02 09:45:35,290.27,325,94338
2026-01-02 09:45:36,290.27,366,106239
2026-01-02 09:45:37,290.27,357,103626
2026-01-02 09:45:38,290.27,417,121043
2026-01-02 09:45:39,290.27,356,103336
2026-01-02 09:45:40,290.27,382,110883
2026-01-02 09:45:41,290.27,371,107690
2026-01-02 09:45:42,290.27,376,109142
2026-01-02 09:45:43,290.27,371,107690
2026-01-02 09:45:44,290.27,387,112334
2026-01-02 09:45:45,290.27,361,104787
2026-01-02 09:45:46,290.27,364,105658
2026-01-02 09:45:47,290.27,391,113496
2026-01-02 09:45:48,290.27,338,98111
2026-01-02 09:45:49,290.27,354,102756
2026-01-02 09:45:50,290.27,370,107400
2026-01-02 09:45:51,290.27,360,104497
2026-01-02 09:45:52,290.27,355,103046
2026-01-02 09:45:53,290.27,363,105368
2026-01-02 09:45:54,290.27,350,101594
2026-01-02 09:45:55,290.27,387,112334
2026-01-02 09:45:56,290.27,332,96370
2026-01-02 09:45:57,290.27,376,109142
2026-01-02 09:45:58,290.27,336,97531
2026-01-02 09:45:59,290.27,380,110303
2026-01-02 09:46:00,290.27,357,103626
2026-01-02 09:46:01,290.27,343,99563
2026-01-02 09:46:02,290.27,364,105658
2026-01-02 09:46:03,290.27,367,106529
2026-01-02 09:46:04,290.27,359,104207
2026-01-02 09:46:05,290.27,340,98692
2026-01-02 09:46:06,290.27,377,109432
2026-01-02 09:46:07,290.27,359,104207
2026-01-02 09:46:08,290.27,387,112334
2026-01-02 09:46:09,290.27,354,102756
2026-01-02 09:46:10,290.27,350,101594
2026-01-02 09:46:11,290.27,377,109432
2026-01-02 09:46:12,290.27,375,108851
2026-01-02 09:46:13,290.27,386,112044
2026-01-02 09:46:14,290.27,362,105078
2026-01-02 09:46:15,290.27,363,105368
2026-01-02 09:46:16,290.27,379,110012
2026-01-02 09:46:17,290.27,370,107400
2026-01-02 09:46:18,290.27,372,107980
2026-01-02 09:46:19,290.27,362,105078
2026-01-02 09:46:20,290.27,369,107110
2026-01-02 09:46:21,290.27,383,111173
2026-01-02 09:46:22,290.27,337,97821
2026-01-02 09:46:23,290.27,354,102756
2026-01-02 09:46:24,290.27,348,101014
2026-01-02 09:46:25,290.27,355,103046
2026-01-02 09:46:26,290.27,376,109142
2026-01-02 09:46:27,290.27,351,101885
2026-01-02 09:46:28,290.27,400,116108
2026-01-02 09:46:29,290.27,348,101014
2026-01-02 09:46:30,290.27,362,105078
2026-01-02 09:46:31,290.27,357,103626
2026-01-02 09:46:32,290.27,348,101014
2026-01-02 09:46:33,290.27,393,114076
2026-01-02 09:46:34,290.27,380,110303
2026-01-02 09:46:35,290.27,379,110012
2026-01-02 09:46:36,290.27,353,102465
2026-01-02 09:46:37,290.27,339,98402
2026-01-02 09:46:38,290.27,374,108561
2026-01-02 09:46:39,290.27,353,102465
2026-01-02 09:46:40,290.27,361,104787
2026-01-02 09:46:41,290.27,362,105078
2026-01-02 09:46:42,290.27,361,104787
2026-01-02 09:46:43,290.27,386,112044
2026-01-02 09:46:44,290.27,363,105368
2026-01-02 09:46:45,290.27,350,101594
2026-01-02 09:46:46,290.27,354,102756
2026-01-02 09:46:47,290.27,377,109432
2026-01-02 09:46:48,290.27,382,110883
2026-01-02 09:46:49,290.27,382,110883
2026-01-02 09:46:50,290.27,364,105658
2026-01-02 09:46:51,290.27,377,109432
2026-01-02 09:46:52,290.27,369,107110
2026-01-02 09:46:53,290.27,373,108271
2026-01-02 09:46:54,290.27,335,97240
2026-01-02 09:46:55,290.27,374,108561
2026-01-02 09:46:56,290.27,373,108271
2026-01-02 09:46:57,290.27,402,116689
2026-01-02 09:46:58,290.27,372,107980
2026-01-02 09:46:59,290.27,337,97821
2026-01-02 09:47:00,290.27,394,114366
2026-01-02 09:47:01,290.27,351,101885
2026-01-02 09:47:02,290.27,366,106239
2026-01-02 09:47:03,290.27,341,98982
2026-01-02 09:47:04,290.27,395,114657
2026-01-02 09:47:05,290.27,359,104207
2026-01-02 09:47:06,290.27,355,103046
2026-01-02 09:47:07,290.27,335,97240
2026-01-02 09:47:08,290.27,352,102175
2026-01-02 09:47:09,290.27,358,103917
2026-01-02 09:47:10,290.27,357,103626
2026-01-02 09:47:11,290.27,385,111754
2026-01-02 09:47:12,290.27,381,110593
2026-01-02 09:47:13,290.27,362,105078
2026-01-02 09:47:14,290.27,387,112334
2026-01-02 09:47:15,290.27,352,102175
2026-01-02 09:47:16,290.27,403,116979
2026-01-02 09:47:17,290.27,390,113205
2026-01-02 09:47:18,290.27,353,102465
2026-01-02 09:47:19,290.27,346,100433
2026-01-02 09:47:20,290.27,321,93177
2026-01-02 09:47:21,290.27,392,113786
2026-01-02 09:47:22,290.27,390,113205
2026-01-02 09:47:23,290.27,356,103336
2026-01-02 09:47:24,290.27,415,120462
2026-01-02 09:47:25,290.27,356,103336
2026-01-02 09:47:26,290.27,362,105078
2026-01-02 09:47:27,290.27,376,109142
2026-01-02 09:47:28,290.27,386,112044
2026-01-02 09:47:29,290.27,390,113205
2026-01-02 09:47:30,290.27,342,99272
2026-01-02 09:47:31,290.27,370,107400
2026-01-02 09:47:32,290.27,340,98692
2026-01-02 09:47:33,290.27,361,104787
2026-01-02 09:47:34,290.27,369,107110
2026-01-02 09:47:35,290.27,358,103917
2026-01-02 09:47:36,290.27,371,107690
2026-01-02 09:47:37,290.27,362,105078
2026-01-02 09:47:38,290.27,389,112915
2026-01-02 09:47:39,290.27,379,110012
2026-01-02 09:47:40,290.27,379,110012
2026-01-02 09:47:41,290.27,345,100143
2026-01-02 09:47:42,290.27,388,112625
2026-01-02 09:47:43,291.63,366,106737
2026-01-02 09:47:44,291.44,369,107541
2026-01-02 09:47:45,292.58,348,101818
2026-01-02 09:47:46,292.81,368,107754
2026-01-02 09:47:47,293.22,365,107025
2026-01-02 09:47:48,293.59,368,108041
2026-01-02 09:47:49,294.13,357,105004
2026-01-02 09:47:50,294.13,356,104710
2026-01-02 09:47:51,294.13,376,110593
2026-01-02 09:47:52,294.13,358,105299
2026-01-02 09:47:53,293.54,365,107142
2026-01-02 09:47:54,293.44,345,101237
2026-01-02 09:47:55,294.11,373,109703
2026-01-02 09:47:56,293.96,361,106120
2026-01-02 09:47:57,294.13,366,107652
2026-01-02 09:47:58,293.96,357,104944
2026-01-02 09:47:59,293.86,385,113136
2026-01-02 09:48:00,294.13,344,101181
2026-01-02 09:48:01,294.13,353,103828
2026-01-02 09:48:02,294.13,303,89121
2026-01-02 09:48:03,294.13,358,105299
2026-01-02 09:48:04,294.13,365,107357
2026-01-02 09:48:05,294.13,346,101769
2026-01-02 09:48:06,294.13,370,108828
2026-01-02 09:48:07,294.13,347,102063
2026-01-02 09:48:08,294.13,379,111475
2026-01-02 09:48:09,294.13,366,107652
2026-01-02 09:48:10,294.13,382,112358
2026-01-02 09:48:11,294.13,338,99416
2026-01-02 09:48:12,294.13,334,98239
2026-01-02 09:48:13,294.13,372,109416
2026-01-02 09:48:14,294.13,340,100004
2026-01-02 09:48:15,293.57,350,102750
2026-01-02 09:48:16,292.88,357,104558
2026-01-02 09:48:17,293.87,374,109907
2026-01-02 09:48:18,294.13,317,93239
2026-01-02 09:48:19,293.51,378,110947
2026-01-02 09:48:20,291.77,390,113790
2026-01-02 09:48:21,293.23,364,106736
2026-01-02 09:48:22,292.97,347,101661
2026-01-02 09:48:23,292.59,352,102992
2026-01-02 09:48:24,292.48,346,101198
2026-01-02 09:48:25,294.13,384,112946
2026-01-02 09:48:26,294.13,362,106475
2026-01-02 09:48:27,294.07,385,113217
2026-01-02 09:48:28,294.13,349,102651
2026-01-02 09:48:29,294.13,358,105299
2026-01-02 09:48:30,294.13,334,98239
2026-01-02 09:48:31,294.13,370,108828
2026-01-02 09:48:32,294.13,337,99122
2026-01-02 09:48:33,294.13,355,104416
2026-01-02 09:48:34,294.13,345,101475
2026-01-02 09:48:35,294.13,336,98828
2026-01-02 09:48:36,294.13,336,98828
2026-01-02 09:48:37,294.13,363,106769
2026-01-02 09:48:38,294.13,314,92357
2026-01-02 09:48:39,294.13,367,107946
2026-01-02 09:48:40,294.13,332,97651
2026-01-02 09:48:41,294.13,388,114122
2026-01-02 09:48:42,294.13,341,100298
2026-01-02 09:48:43,294.13,348,102357
2026-01-02 09:48:44,294.13,343,100887
2026-01-02 09:48:45,294.13,360,105887
2026-01-02 09:48:46,294.13,341,100298
2026-01-02 09:48:47,294.13,362,106475
2026-01-02 09:48:48,294.13,381,112064
2026-01-02 09:48:49,294.13,371,109122
2026-01-02 09:48:50,294.13,356,104710
2026-01-02 09:48:51,294.13,362,106475
2026-01-02 09:48:52,294.13,371,109122
2026-01-02 09:48:53,294.13,376,110593
2026-01-02 09:48:54,294.13,356,104710
2026-01-02 09:48:55,294.13,321,94416
2026-01-02 09:48:56,294.13,387,113828
2026-01-02 09:48:57,294.13,332,97651
2026-01-02 09:48:58,294.13,361,106181
2026-01-02 09:48:59,294.13,368,108240
2026-01-02 09:49:00,294.13,342,100592
2026-01-02 09:49:01,294.04,360,105854
2026-01-02 09:49:02,293.88,372,109323
2026-01-02 09:49:03,292.88,350,102508
2026-01-02 09:49:04,293.41,382,112083
2026-01-02 09:49:05,292.67,329,96288
2026-01-02 09:49:06,293.50,366,107421
2026-01-02 09:49:07,294.13,337,99122
2026-01-02 09:49:08,293.86,360,105790
2026-01-02 09:49:09,293.03,343,100509
2026-01-02 09:49:10,292.87,343,100454
2026-01-02 09:49:11,294.13,326,95886
2026-01-02 09:49:12,294.13,326,95886
2026-01-02 09:49:13,294.13,369,108534
2026-01-02 09:49:14,294.13,356,104710
2026-01-02 09:49:15,293.93,349,102582
2026-01-02 09:49:16,292.84,314,91952
2026-01-02 09:49:17,292.46,362,105871
2026-01-02 09:49:18,290.84,334,97141
2026-01-02 09:49:19,290.27,355,103046
2026-01-02 09:49:20,290.27,359,104207
2026-01-02 09:49:21,290.69,363,105520
2026-01-02 09:49:22,290.27,367,106529
2026-01-02 09:49:23,290.27,370,107400
2026-01-02 09:49:24,290.27,329,95499
2026-01-02 09:49:25,290.27,352,102175
2026-01-02 09:49:26,290.27,377,109432
2026-01-02 09:49:27,290.27,375,108851
2026-01-02 09:49:28,290.27,373,108271
2026-01-02 09:49:29,290.27,336,97531
2026-01-02 09:49:30,290.27,377,109432
2026-01-02 09:49:31,290.27,318,92306
2026-01-02 09:49:32,290.27,346,100433
2026-01-02 09:49:33,290.27,342,99272
2026-01-02 09:49:34,290.27,348,101014
2026-01-02 09:49:35,290.27,363,105368
2026-01-02 09:49:36,291.42,381,111031
2026-01-02 09:49:37,290.85,350,101798
2026-01-02 09:49:38,290.35,339,98429
2026-01-02 09:49:39,290.54,370,107500
2026-01-02 09:49:40,291.24,360,104846
2026-01-02 09:49:41,290.27,349,101304
2026-01-02 09:49:42,290.27,339,98402
2026-01-02 09:49:43,290.27,371,107690
2026-01-02 09:49:44,290.27,348,101014
2026-01-02 09:49:45,290.38,326,94664
2026-01-02 09:49:46,290.27,331,96079
2026-01-02 09:49:47,290.27,332,96370
2026-01-02 09:49:48,290.27,353,102465
2026-01-02 09:49:49,290.27,364,105658
2026-01-02 09:49:50,290.27,375,108851
2026-01-02 09:49:51,290.27,366,106239
2026-01-02 09:49:52,292.01,355,103664
2026-01-02 09:49:53,292.89,363,106319
2026-01-02 09:49:54,294.13,333,97945
2026-01-02 09:49:55,294.13,368,108240
2026-01-02 09:49:56,294.13,326,95886
2026-01-02 09:49:57,294.09,364,107049
2026-01-02 09:49:58,293.70,358,105145
2026-01-02 09:49:59,294.13,344,101181
2026-01-02 09:50:00,294.13,379,111475
2026-01-02 09:50:01,294.13,352,103534
2026-01-02 09:50:02,294.13,358,105299
2026-01-02 09:50:03,294.13,344,101181
2026-01-02 09:50:04,294.13,367,107946
2026-01-02 09:50:05,294.13,362,106475
2026-01-02 09:50:06,294.13,319,93827
2026-01-02 09:50:07,294.13,353,103828
2026-01-02 09:50:08,294.13,337,99122
2026-01-02 09:50:09,294.13,349,102651
2026-01-02 09:50:10,294.13,349,102651
2026-01-02 09:50:11,294.13,357,105004
2026-01-02 09:50:12,294.13,352,103534
2026-01-02 09:50:13,294.13,360,105887
2026-01-02 09:50:14,294.13,384,112946
2026-01-02 09:50:15,294.13,363,106769
2026-01-02 09:50:16,294.13,328,96475
2026-01-02 09:50:17,294.13,324,95298
2026-01-02 09:50:18,294.13,339,99710
2026-01-02 09:50:19,294.13,347,102063
2026-01-02 09:50:20,294.13,364,107063
2026-01-02 09:50:21,294.13,317,93239
2026-01-02 09:50:22,294.13,384,112946
2026-01-02 09:50:23,294.13,366,107652
2026-01-02 09:50:24,294.13,363,106769
2026-01-02 09:50:25,294.13,350,102946
2026-01-02 09:50:26,294.13,353,103828
2026-01-02 09:50:27,294.13,355,104416
2026-01-02 09:50:28,294.13,330,97063
2026-01-02 09:50:29,294.13,388,114122
2026-01-02 09:50:30,294.13,336,98828
2026-01-02 09:50:31,294.13,327,96181
2026-01-02 09:50:32,294.13,365,107357
2026-01-02 09:50:33,294.13,335,98534
2026-01-02 09:50:34,294.13,324,95298
2026-01-02 09:50:35,294.13,335,98534
2026-01-02 09:50:36,294.13,350,102946
2026-01-02 09:50:37,294.13,374,110005
2026-01-02 09:50:38,294.13,347,102063
2026-01-02 09:50:39,294.13,339,99710
2026-01-02 09:50:40,294.13,333,97945
2026-01-02 09:50:41,294.13,358,105299
2026-01-02 09:50:42,294.13,338,99416
2026-01-02 09:50:43,294.13,365,107357
2026-01-02 09:50:44,294.13,333,97945
2026-01-02 09:50:45,294.13,383,112652
2026-01-02 09:50:46,294.13,313,92063
2026-01-02 09:50:47,294.13,377,110887
2026-01-02 09:50:48,294.13,346,101769
2026-01-02 09:50:49,294.13,373,109710
2026-01-02 09:50:50,294.13,387,113828
2026-01-02 09:50:51,294.13,364,107063
2026-01-02 09:50:52,294.13,369,108534
2026-01-02 09:50:53,294.13,387,113828
2026-01-02 09:50:54,294.13,357,105004
2026-01-02 09:50:55,294.13,336,98828
2026-01-02 09:50:56,294.13,366,107652
2026-01-02 09:50:57,294.13,337,99122
2026-01-02 09:50:58,294.13,361,106181
2026-01-02 09:50:59,294.13,359,105593
2026-01-02 09:51:00,294.13,351,103240
2026-01-02 09:51:01,294.13,332,97651
2026-01-02 09:51:02,294.13,360,105887
2026-01-02 09:51:03,294.13,380,111769
2026-01-02 09:51:04,294.13,356,104710
2026-01-02 09:51:05,294.13,375,110299
2026-01-02 09:51:06,294.13,362,106475
2026-01-02 09:51:07,294.13,360,105887
2026-01-02 09:51:08,294.13,329,96769
2026-01-02 09:51:09,294.13,317,93239
2026-01-02 09:51:10,294.13,353,103828
2026-01-02 09:51:11,294.13,349,102651
2026-01-02 09:51:12,294.13,345,101475
2026-01-02 09:51:13,294.13,342,100592
2026-01-02 09:51:14,294.13,353,103828
2026-01-02 09:51:15,294.13,357,105004
2026-01-02 09:51:16,294.13,363,106769
2026-01-02 09:51:17,294.13,357,105004
2026-01-02 09:51:18,294.13,351,103240
2026-01-02 09:51:19,294.13,358,105299
2026-01-02 09:51:20,294.13,316,92945
2026-01-02 09:51:21,294.13,346,101769
2026-01-02 09:51:22,294.13,364,107063
2026-01-02 09:51:23,294.13,363,106769
2026-01-02 09:51:24,294.13,352,103534
2026-01-02 09:51:25,294.13,377,110887
2026-01-02 09:51:26,294.13,350,102946
2026-01-02 09:51:27,294.13,333,97945
2026-01-02 09:51:28,294.13,341,100298
2026-01-02 09:51:29,294.13,352,103534
2026-01-02 09:51:30,294.13,323,95004
2026-01-02 09:51:31,294.13,344,101181
2026-01-02 09:51:32,294.13,374,110005
2026-01-02 09:51:33,294.13,309,90886
2026-01-02 09:51:34,294.13,348,102357
2026-01-02 09:51:35,294.13,357,105004
2026-01-02 09:51:36,294.13,368,108240
2026-01-02 09:51:37,294.13,348,102357
2026-01-02 09:51:38,294.13,363,106769
2026-01-02 09:51:39,294.13,346,101769
2026-01-02 09:51:40,294.13,353,103828
2026-01-02 09:51:41,294.13,341,100298
2026-01-02 09:51:42,294.13,353,103828
2026-01-02 09:51:43,294.13,348,102357
2026-01-02 09:51:44,294.13,348,102357
2026-01-02 09:51:45,294.13,341,100298
2026-01-02 09:51:46,294.13,366,107652
2026-01-02 09:51:47,294.13,321,94416
2026-01-02 09:51:48,294.13,369,108534
2026-01-02 09:51:49,294.13,344,101181
2026-01-02 09:51:50,294.13,331,97357
2026-01-02 09:51:51,294.13,349,102651
2026-01-02 09:51:52,294.13,334,98239
2026-01-02 09:51:53,294.13,344,101181
2026-01-02 09:51:54,294.13,338,99416
2026-01-02 09:51:55,294.13,349,102651
2026-01-02 09:51:56,294.13,337,99122
2026-01-02 09:51:57,294.13,350,102946
2026-01-02 09:51:58,294.13,354,104122
2026-01-02 09:51:59,294.13,316,92945
2026-01-02 09:52:00,294.13,357,105004
2026-01-02 09:52:01,294.13,360,105887
2026-01-02 09:52:02,294.13,371,109122
2026-01-02 09:52:03,294.13,343,100887
2026-01-02 09:52:04,294.13,342,100592
2026-01-02 09:52:05,294.13,356,104710
2026-01-02 09:52:06,294.13,338,99416
2026-01-02 09:52:07,294.13,347,102063
2026-01-02 09:52:08,294.13,367,107946
2026-01-02 09:52:09,294.13,385,113240
2026-01-02 09:52:10,294.13,357,105004
2026-01-02 09:52:11,294.13,343,100887
2026-01-02 09:52:12,294.13,378,111181
2026-01-02 09:52:13,294.13,365,107357
2026-01-02 09:52:14,294.13,381,112064
2026-01-02 09:52:15,294.13,322,94710
2026-01-02 09:52:16,294.13,397,116770
2026-01-02 09:52:17,294.13,313,92063
2026-01-02 09:52:18,294.13,319,93827
2026-01-02 09:52:19,294.13,351,103240
2026-01-02 09:52:20,294.13,357,105004
2026-01-02 09:52:21,294.13,340,100004
2026-01-02 09:52:22,294.13,342,100592
2026-01-02 09:52:23,294.13,354,104122
2026-01-02 09:52:24,294.13,371,109122
2026-01-02 09:52:25,294.13,341,100298
2026-01-02 09:52:26,294.13,361,106181
2026-01-02 09:52:27,294.13,355,104416
2026-01-02 09:52:28,294.13,364,107063
2026-01-02 09:52:29,294.13,331,97357
2026-01-02 09:52:30,294.13,361,106181
2026-01-02 09:52:31,294.13,317,93239
2026-01-02 09:52:32,294.13,307,90298
2026-01-02 09:52:33,294.13,337,99122
2026-01-02 09:52:34,294.13,333,97945
2026-01-02 09:52:35,294.13,355,104416
2026-01-02 09:52:36,294.13,364,107063
2026-01-02 09:52:37,294.13,349,102651
2026-01-02 09:52:38,294.13,351,103240
2026-01-02 09:52:39,294.13,373,109710
2026-01-02 09:52:40,294.13,304,89416
2026-01-02 09:52:41,294.13,366,107652
2026-01-02 09:52:42,294.13,369,108534
2026-01-02 09:52:43,294.13,337,99122
2026-01-02 09:52:44,294.13,341,100298
2026-01-02 09:52:45,294.13,355,104416
2026-01-02 09:52:46,294.13,367,107946
2026-01-02 09:52:47,294.13,332,97651
2026-01-02 09:52:48,294.13,340,100004
2026-01-02 09:52:49,294.13,320,94122
2026-01-02 09:52:50,294.13,343,100887
2026-01-02 09:52:51,294.13,384,112946
2026-01-02 09:52:52,294.13,363,106769
2026-01-02 09:52:53,294.13,316,92945
2026-01-02 09:52:54,294.13,304,89416
2026-01-02 09:52:55,294.13,333,97945
2026-01-02 09:52:56,294.13,365,107357
2026-01-02 09:52:57,294.13,321,94416
2026-01-02 09:52:58,294.13,354,104122
2026-01-02 09:52:59,294.13,341,100298
2026-01-02 09:53:00,294.13,323,95004
2026-01-02 09:53:01,294.13,327,96181
2026-01-02 09:53:02,294.13,311,91474
2026-01-02 09:53:03,294.13,338,99416
2026-01-02 09:53:04,294.13,338,99416
2026-01-02 09:53:05,294.13,339,99710
2026-01-02 09:53:06,294.13,341,100298
2026-01-02 09:53:07,294.13,354,104122
2026-01-02 09:53:08,294.13,337,99122
2026-01-02 09:53:09,294.13,389,114417
2026-01-02 09:53:10,294.13,350,102946
2026-01-02 09:53:11,294.13,345,101475
2026-01-02 09:53:12,294.13,372,109416
2026-01-02 09:53:13,294.13,350,102946
2026-01-02 09:53:14,294.13,343,100887
2026-01-02 09:53:15,294.13,344,101181
2026-01-02 09:53:16,294.13,358,105299
2026-01-02 09:53:17,294.13,349,102651
2026-01-02 09:53:18,294.13,358,105299
2026-01-02 09:53:19,294.13,346,101769
2026-01-02 09:53:20,294.13,343,100887
2026-01-02 09:53:21,294.13,344,101181
2026-01-02 09:53:22,294.13,340,100004
2026-01-02 09:53:23,294.13,319,93827
2026-01-02 09:53:24,294.13,351,103240
2026-01-02 09:53:25,294.13,330,97063
2026-01-02 09:53:26,294.13,355,104416
2026-01-02 09:53:27,294.13,337,99122
2026-01-02 09:53:28,294.13,337,99122
2026-01-02 09:53:29,294.13,311,91474
2026-01-02 09:53:30,294.13,325,95592
2026-01-02 09:53:31,294.13,343,100887
2026-01-02 09:53:32,294.13,338,99416
2026-01-02 09:53:33,294.13,350,102946
2026-01-02 09:53:34,294.13,366,107652
2026-01-02 09:53:35,294.13,330,97063
2026-01-02 09:53:36,294.13,345,101475
2026-01-02 09:53:37,294.13,336,98828
2026-01-02 09:53:38,294.13,342,100592
2026-01-02 09:53:39,294.08,334,98223
2026-01-02 09:53:40,294.13,355,104416
2026-01-02 09:53:41,294.13,339,99710
2026-01-02 09:53:42,294.13,351,103240
2026-01-02 09:53:43,294.13,341,100298
2026-01-02 09:53:44,294.13,348,102357
2026-01-02 09:53:45,294.13,314,92357
2026-01-02 09:53:46,294.13,348,102357
2026-01-02 09:53:47,294.13,292,85886
2026-01-02 09:53:48,294.13,331,97357
2026-01-02 09:53:49,294.13,313,92063
2026-01-02 09:53:50,294.13,347,102063
2026-01-02 09:53:51,294.13,362,106475
2026-01-02 09:53:52,294.13,354,104122
2026-01-02 09:53:53,294.13,348,102357
2026-01-02 09:53:54,294.13,337,99122
2026-01-02 09:53:55,294.13,333,97945
2026-01-02 09:53:56,294.13,341,100298
2026-01-02 09:53:57,294.13,341,100298
2026-01-02 09:53:58,294.13,331,97357
2026-01-02 09:53:59,294.13,326,95886
2026-01-02 09:54:00,294.13,341,100298
2026-01-02 09:54:01,294.13,332,97651
2026-01-02 09:54:02,294.13,322,94710
2026-01-02 09:54:03,294.13,349,102651
2026-01-02 09:54:04,294.08,354,104104
2026-01-02 09:54:05,294.13,314,92357
2026-01-02 09:54:06,294.13,325,95592
2026-01-02 09:54:07,294.13,350,102946
2026-01-02 09:54:08,294.13,323,95004
2026-01-02 09:54:09,294.13,296,87062
2026-01-02 09:54:10,294.13,328,96475
2026-01-02 09:54:11,294.13,320,94122
2026-01-02 09:54:12,294.11,327,96174
2026-01-02 09:54:13,294.13,308,90592
2026-01-02 09:54:14,294.13,326,95886
2026-01-02 09:54:15,294.13,351,103240
2026-01-02 09:54:16,294.13,348,102357
2026-01-02 09:54:17,294.13,328,96475
2026-01-02 09:54:18,294.13,322,94710
2026-01-02 09:54:19,294.13,339,99710
2026-01-02 09:54:20,294.13,350,102946
2026-01-02 09:54:21,294.13,314,92357
2026-01-02 09:54:22,294.13,363,106769
2026-01-02 09:54:23,294.13,300,88239
2026-01-02 09:54:24,294.13,345,101475
2026-01-02 09:54:25,294.13,358,105299
2026-01-02 09:54:26,294.13,323,95004
2026-01-02 09:54:27,294.13,323,95004
2026-01-02 09:54:28,294.13,339,99710
2026-01-02 09:54:29,294.13,315,92651
2026-01-02 09:54:30,294.13,316,92945
2026-01-02 09:54:31,294.13,321,94416
2026-01-02 09:54:32,294.13,328,96475
2026-01-02 09:54:33,294.13,325,95592
2026-01-02 09:54:34,294.13,329,96769
2026-01-02 09:54:35,294.13,349,102651
2026-01-02 09:54:36,294.13,309,90886
2026-01-02 09:54:37,294.13,344,101181
2026-01-02 09:54:38,294.13,346,101769
2026-01-02 09:54:39,294.13,350,102946
2026-01-02 09:54:40,294.13,329,96769
2026-01-02 09:54:41,294.13,320,94122
2026-01-02 09:54:42,294.13,346,101769
2026-01-02 09:54:43,294.13,300,88239
2026-01-02 09:54:44,294.13,351,103240
2026-01-02 09:54:45,294.13,325,95592
2026-01-02 09:54:46,294.13,331,97357
2026-01-02 09:54:47,294.13,357,105004
2026-01-02 09:54:48,294.13,350,102946
2026-01-02 09:54:49,294.13,381,112064
2026-01-02 09:54:50,294.13,342,100592
2026-01-02 09:54:51,294.13,336,98828
2026-01-02 09:54:52,294.13,332,97651
2026-01-02 09:54:53,294.13,335,98534
2026-01-02 09:54:54,294.13,331,97357
2026-01-02 09:54:55,294.13,338,99416
2026-01-02 09:54:56,294.13,326,95886
2026-01-02 09:54:57,294.13,351,103240
2026-01-02 09:54:58,294.13,341,100298
2026-01-02 09:54:59,294.13,340,100004
2026-01-02 09:55:00,294.13,344,101181
2026-01-02 09:55:01,294.13,321,94416
2026-01-02 09:55:02,294.13,318,93533
2026-01-02 09:55:03,294.13,335,98534
2026-01-02 09:55:04,294.13,345,101475
2026-01-02 09:55:05,294.13,338,99416
2026-01-02 09:55:06,294.13,315,92651
2026-01-02 09:55:07,294.13,303,89121
2026-01-02 09:55:08,294.13,341,100298
2026-01-02 09:55:09,294.13,342,100592
2026-01-02 09:55:10,294.13,308,90592
2026-01-02 09:55:11,294.13,322,94710
2026-01-02 09:55:12,294.13,319,93827
2026-01-02 09:55:13,294.13,335,98534
2026-01-02 09:55:14,294.13,339,99710
2026-01-02 09:55:15,294.13,359,105593
2026-01-02 09:55:16,293.53,337,98920
2026-01-02 09:55:17,293.35,353,103553
2026-01-02 09:55:18,293.42,331,97122
2026-01-02 09:55:19,293.95,310,91124
2026-01-02 09:55:20,294.13,299,87945
2026-01-02 09:55:21,294.13,353,103828
2026-01-02 09:55:22,294.13,301,88533
2026-01-02 09:55:23,293.95,343,100825
2026-01-02 09:55:24,293.86,337,99031
2026-01-02 09:55:25,293.37,333,97692
2026-01-02 09:55:26,292.19,338,98760
2026-01-02 09:55:27,291.37,349,101688
2026-01-02 09:55:28,291.40,318,92665
2026-01-02 09:55:29,291.93,359,104803
2026-01-02 09:55:30,291.48,299,87153
2026-01-02 09:55:31,290.43,329,95551
2026-01-02 09:55:32,290.27,336,97531
2026-01-02 09:55:33,290.27,313,90855
2026-01-02 09:55:34,290.27,333,96660
2026-01-02 09:55:35,290.27,316,91725
2026-01-02 09:55:36,290.39,344,99894
2026-01-02 09:55:37,290.82,311,90445
2026-01-02 09:55:38,290.72,324,94193
2026-01-02 09:55:39,290.38,333,96697
2026-01-02 09:55:40,291.15,369,107434
2026-01-02 09:55:41,290.92,342,99495
2026-01-02 09:55:42,291.75,333,97153
2026-01-02 09:55:43,291.96,307,89632
2026-01-02 09:55:44,291.51,331,96490
2026-01-02 09:55:45,291.35,319,92941
2026-01-02 09:55:46,290.73,352,102337
2026-01-02 09:55:47,290.81,288,83753
2026-01-02 09:55:48,290.27,367,106529
2026-01-02 09:55:49,290.73,313,90998
2026-01-02 09:55:50,291.51,355,103486
2026-01-02 09:55:51,290.90,306,89015
2026-01-02 09:55:52,290.51,320,92963
2026-01-02 09:55:53,290.39,318,92344
2026-01-02 09:55:54,290.27,340,98692
2026-01-02 09:55:55,290.35,326,94654
2026-01-02 09:55:56,291.32,329,95844
2026-01-02 09:55:57,290.77,346,100606
2026-01-02 09:55:58,290.63,351,102011
2026-01-02 09:55:59,290.27,351,101885
2026-01-02 09:56:00,291.15,326,94915
2026-01-02 09:56:01,291.39,311,90622
2026-01-02 09:56:02,292.11,337,98441
2026-01-02 09:56:03,293.46,331,97135
2026-01-02 09:56:04,293.22,330,96763
2026-01-02 09:56:05,293.50,318,93333
2026-01-02 09:56:06,292.99,356,104304
2026-01-02 09:56:07,292.39,325,95027
2026-01-02 09:56:08,292.74,367,107436
2026-01-02 09:56:09,292.57,336,98304
2026-01-02 09:56:10,291.53,304,88625
2026-01-02 09:56:11,291.55,351,102334
2026-01-02 09:56:12,290.72,313,90995
2026-01-02 09:56:13,290.98,334,97187
2026-01-02 09:56:14,291.10,326,94899
2026-01-02 09:56:15,292.39,351,102629
2026-01-02 09:56:16,292.51,322,94188
2026-01-02 09:56:17,292.88,330,96650
2026-01-02 09:56:18,293.05,364,106670
2026-01-02 09:56:19,293.74,366,107509
2026-01-02 09:56:20,293.29,322,94439
2026-01-02 09:56:21,292.64,321,93937
2026-01-02 09:56:22,292.76,342,100124
2026-01-02 09:56:23,292.83,310,90777
2026-01-02 09:56:24,293.58,349,102459
2026-01-02 09:56:25,294.07,332,97631
2026-01-02 09:56:26,294.09,341,100285
2026-01-02 09:56:27,294.13,339,99710
2026-01-02 09:56:28,294.13,318,93533
2026-01-02 09:56:29,294.04,295,86742
2026-01-02 09:56:30,293.23,346,101458
2026-01-02 09:56:31,293.41,345,101226
2026-01-02 09:56:32,293.76,344,101053
2026-01-02 09:56:33,294.13,306,90004
2026-01-02 09:56:34,294.13,337,99122
2026-01-02 09:56:35,294.13,291,85592
2026-01-02 09:56:36,294.13,336,98828
2026-01-02 09:56:37,294.13,317,93239
2026-01-02 09:56:38,294.13,321,94416
2026-01-02 09:56:39,294.13,346,101769
2026-01-02 09:56:40,294.13,331,97357
2026-01-02 09:56:41,294.13,319,93827
2026-01-02 09:56:42,294.13,344,101181
2026-01-02 09:56:43,294.13,331,97357
2026-01-02 09:56:44,294.13,330,97063
2026-01-02 09:56:45,294.13,340,100004
2026-01-02 09:56:46,294.13,324,95298
2026-01-02 09:56:47,294.13,324,95298
2026-01-02 09:56:48,294.13,339,99710
2026-01-02 09:56:49,294.13,354,104122
2026-01-02 09:56:50,294.13,334,98239
2026-01-02 09:56:51,294.13,314,92357
2026-01-02 09:56:52,294.13,314,92357
2026-01-02 09:56:53,294.13,297,87357
2026-01-02 09:56:54,294.13,345,101475
2026-01-02 09:56:55,294.13,313,92063
2026-01-02 09:56:56,294.13,332,97651
2026-01-02 09:56:57,294.13,311,91474
2026-01-02 09:56:58,294.13,346,101769
2026-01-02 09:56:59,294.13,318,93533
2026-01-02 09:57:00,294.13,354,104122
2026-01-02 09:57:01,294.13,333,97945
2026-01-02 09:57:02,294.13,343,100887
2026-01-02 09:57:03,294.13,333,97945
2026-01-02 09:57:04,294.13,340,100004
2026-01-02 09:57:05,292.49,313,91549
2026-01-02 09:57:06,292.78,334,97789
2026-01-02 09:57:07,293.34,368,107949
2026-01-02 09:57:08,293.57,293,86016
2026-01-02 09:57:09,293.51,314,92162
2026-01-02 09:57:10,293.72,316,92816
2026-01-02 09:57:11,294.13,337,99122
2026-01-02 09:57:12,294.13,319,93827
2026-01-02 09:57:13,294.13,344,101181
2026-01-02 09:57:14,294.13,347,102063
2026-01-02 09:57:15,294.13,339,99710
2026-01-02 09:57:16,293.85,332,97558
2026-01-02 09:57:17,294.02,319,93792
2026-01-02 09:57:18,293.37,322,94465
2026-01-02 09:57:19,293.37,351,102973
2026-01-02 09:57:20,294.13,337,99122
2026-01-02 09:57:21,294.13,336,98828
2026-01-02 09:57:22,294.13,312,91769
2026-01-02 09:57:23,293.72,330,96928
2026-01-02 09:57:24,293.59,341,100114
2026-01-02 09:57:25,293.72,340,99865
2026-01-02 09:57:26,294.13,308,90592
2026-01-02 09:57:27,294.13,321,94416
2026-01-02 09:57:28,294.13,332,97651
2026-01-02 09:57:29,294.13,332,97651
2026-01-02 09:57:30,294.13,319,93827
2026-01-02 09:57:31,294.13,331,97357
2026-01-02 09:57:32,293.49,308,90395
2026-01-02 09:57:33,293.00,323,94639
2026-01-02 09:57:34,292.67,293,85752
2026-01-02 09:57:35,293.48,291,85403
2026-01-02 09:57:36,294.13,295,86768
2026-01-02 09:57:37,294.13,340,100004
2026-01-02 09:57:38,294.13,327,96181
2026-01-02 09:57:39,294.13,336,98828
2026-01-02 09:57:40,294.13,366,107652
2026-01-02 09:57:41,294.13,345,101475
2026-01-02 09:57:42,294.13,313,92063
2026-01-02 09:57:43,294.05,314,92332
2026-01-02 09:57:44,294.03,318,93502
2026-01-02 09:57:45,294.13,320,94122
2026-01-02 09:57:46,294.13,340,100004
2026-01-02 09:57:47,294.13,341,100298
2026-01-02 09:57:48,294.13,320,94122
2026-01-02 09:57:49,294.13,329,96769
2026-01-02 09:57:50,294.13,313,92063
2026-01-02 09:57:51,294.13,339,99710
2026-01-02 09:57:52,294.13,317,93239
2026-01-02 09:57:53,294.13,326,95886
2026-01-02 09:57:54,294.13,337,99122
2026-01-02 09:57:55,294.13,320,94122
2026-01-02 09:57:56,294.13,309,90886
2026-01-02 09:57:57,294.13,306,90004
2026-01-02 09:57:58,294.13,352,103534
2026-01-02 09:57:59,294.13,312,91769
2026-01-02 09:58:00,294.13,280,82356
2026-01-02 09:58:01,294.13,306,90004
2026-01-02 09:58:02,294.13,312,91769
2026-01-02 09:58:03,294.13,329,96769
2026-01-02 09:58:04,294.13,324,95298
2026-01-02 09:58:05,294.13,357,105004
2026-01-02 09:58:06,294.13,318,93533
2026-01-02 09:58:07,294.13,297,87357
2026-01-02 09:58:08,294.13,328,96475
2026-01-02 09:58:09,294.13,319,93827
2026-01-02 09:58:10,294.13,317,93239
2026-01-02 09:58:11,294.13,322,94710
2026-01-02 09:58:12,294.13,331,97357
2026-01-02 09:58:13,294.13,298,87651
2026-01-02 09:58:14,294.13,326,95886
2026-01-02 09:58:15,294.13,336,98828
2026-01-02 09:58:16,294.13,312,91769
2026-01-02 09:58:17,294.13,308,90592
2026-01-02 09:58:18,294.13,319,93827
2026-01-02 09:58:19,294.13,321,94416
2026-01-02 09:58:20,294.13,336,98828
2026-01-02 09:58:21,294.13,326,95886
2026-01-02 09:58:22,294.13,306,90004
2026-01-02 09:58:23,294.13,322,94710
2026-01-02 09:58:24,294.13,323,95004
2026-01-02 09:58:25,294.13,338,99416
2026-01-02 09:58:26,294.13,293,86180
2026-01-02 09:58:27,294.13,299,87945
2026-01-02 09:58:28,294.13,321,94416
2026-01-02 09:58:29,294.13,326,95886
2026-01-02 09:58:30,294.13,300,88239
2026-01-02 09:58:31,294.13,317,93239
2026-01-02 09:58:32,294.13,344,101181
2026-01-02 09:58:33,294.13,332,97651
2026-01-02 09:58:34,294.13,341,100298
2026-01-02 09:58:35,294.13,332,97651
2026-01-02 09:58:36,294.13,290,85298
2026-01-02 09:58:37,294.13,333,97945
2026-01-02 09:58:38,294.13,306,90004
2026-01-02 09:58:39,294.13,315,92651
2026-01-02 09:58:40,294.13,327,96181
2026-01-02 09:58:41,294.13,294,86474
2026-01-02 09:58:42,294.13,281,82651
2026-01-02 09:58:43,294.13,294,86474
2026-01-02 09:58:44,294.13,304,89416
2026-01-02 09:58:45,294.13,335,98534
2026-01-02 09:58:46,294.13,309,90886
2026-01-02 09:58:47,294.13,336,98828
2026-01-02 09:58:48,294.13,349,102651
2026-01-02 09:58:49,294.13,325,95592
2026-01-02 09:58:50,294.13,315,92651
2026-01-02 09:58:51,294.13,310,91180
2026-01-02 09:58:52,294.13,312,91769
2026-01-02 09:58:53,294.13,332,97651
2026-01-02 09:58:54,294.13,326,95886
2026-01-02 09:58:55,294.13,322,94710
2026-01-02 09:58:56,294.13,330,97063
2026-01-02 09:58:57,294.13,317,93239
2026-01-02 09:58:58,294.13,315,92651
2026-01-02 09:58:59,294.13,329,96769
2026-01-02 09:59:00,294.13,280,82356
2026-01-02 09:59:01,294.13,324,95298
2026-01-02 09:59:02,294.13,335,98534
2026-01-02 09:59:03,294.13,306,90004
2026-01-02 09:59:04,293.57,338,99227
2026-01-02 09:59:05,293.75,326,95762
2026-01-02 09:59:06,293.89,339,99629
2026-01-02 09:59:07,294.13,314,92357
2026-01-02 09:59:08,294.13,362,106475
2026-01-02 09:59:09,294.13,350,102946
2026-01-02 09:59:10,294.13,313,92063
2026-01-02 09:59:11,294.13,306,90004
2026-01-02 09:59:12,294.13,300,88239
2026-01-02 09:59:13,294.13,342,100592
2026-01-02 09:59:14,293.92,296,87000
2026-01-02 09:59:15,293.24,320,93837
2026-01-02 09:59:16,292.82,312,91360
2026-01-02 09:59:17,292.73,347,101577
2026-01-02 09:59:18,292.74,324,94848
2026-01-02 09:59:19,293.35,314,92112
2026-01-02 09:59:20,292.11,336,98149
2026-01-02 09:59:21,292.20,315,92043
2026-01-02 09:59:22,292.00,322,94024
2026-01-02 09:59:23,291.68,317,92463
2026-01-02 09:59:24,291.51,336,97947
2026-01-02 09:59:25,291.02,316,91962
2026-01-02 09:59:26,290.66,294,85454
2026-01-02 09:59:27,291.86,328,95730
2026-01-02 09:59:28,291.37,319,92947
2026-01-02 09:59:29,291.76,344,100365
2026-01-02 09:59:30,292.97,292,85547
2026-01-02 09:59:31,292.55,316,92446
2026-01-02 09:59:32,293.72,332,97515
2026-01-02 09:59:33,293.63,313,91906
2026-01-02 09:59:34,293.29,315,92386
2026-01-02 09:59:35,293.34,327,95922
2026-01-02 09:59:36,293.84,323,94910
2026-01-02 09:59:37,294.13,326,95886
2026-01-02 09:59:38,294.13,311,91474
2026-01-02 09:59:39,294.13,306,90004
2026-01-02 09:59:40,294.13,324,95298
2026-01-02 09:59:41,294.13,319,93827
2026-01-02 09:59:42,294.13,306,90004
2026-01-02 09:59:43,294.13,315,92651
2026-01-02 09:59:44,294.13,334,98239
2026-01-02 09:59:45,294.13,335,98534
2026-01-02 09:59:46,294.13,303,89121
2026-01-02 09:59:47,294.13,317,93239
2026-01-02 09:59:48,294.13,324,95298
2026-01-02 09:59:49,294.13,339,99710
2026-01-02 09:59:50,294.13,311,91474
2026-01-02 09:59:51,294.13,298,87651
2026-01-02 09:59:52,294.13,318,93533
2026-01-02 09:59:53,294.04,322,94681
2026-01-02 09:59:54,294.13,334,98239
2026-01-02 09:59:55,293.49,316,92743
2026-01-02 09:59:56,294.10,322,94700
2026-01-02 09:59:57,294.13,340,100004
2026-01-02 09:59:58,294.13,326,95886
2026-01-02 09:59:59,293.58,291,85432
2026-01-02 10:00:00,294.13,314,92357
2026-01-02 10:00:01,294.13,305,89710
2026-01-02 10:00:02,294.13,290,85298
2026-01-02 10:00:03,294.13,304,89416
2026-01-02 10:00:04,293.60,284,83382
2026-01-02 10:00:05,292.85,309,90491
2026-01-02 10:00:06,292.07,344,100472
2026-01-02 10:00:07,292.07,323,94339
2026-01-02 10:00:08,292.31,328,95878
2026-01-02 10:00:09,292.61,326,95391
2026-01-02 10:00:10,293.00,299,87607
2026-01-02 10:00:11,293.02,317,92887
2026-01-02 10:00:12,291.87,293,85518
2026-01-02 10:00:13,291.10,330,96063
2026-01-02 10:00:14,290.34,316,91747
2026-01-02 10:00:15,290.49,342,99348
2026-01-02 10:00:16,290.56,338,98209
2026-01-02 10:00:17,290.59,316,91826
2026-01-02 10:00:18,290.33,336,97551
2026-01-02 10:00:19,290.95,317,92231
2026-01-02 10:00:20,290.27,325,94338
2026-01-02 10:00:21,290.27,306,88823
2026-01-02 10:00:22,290.27,284,82437
2026-01-02 10:00:23,290.27,313,90855
2026-01-02 10:00:24,290.27,290,84178
2026-01-02 10:00:25,290.27,294,85339
2026-01-02 10:00:26,290.27,308,89403
2026-01-02 10:00:27,290.27,296,85920
2026-01-02 10:00:28,290.27,335,97240
2026-01-02 10:00:29,290.27,319,92596
2026-01-02 10:00:30,290.27,314,91145
2026-01-02 10:00:31,290.58,333,96763
2026-01-02 10:00:32,290.27,328,95209
2026-01-02 10:00:33,290.27,337,97821
2026-01-02 10:00:34,290.27,321,93177
2026-01-02 10:00:35,290.27,274,79534
2026-01-02 10:00:36,290.27,294,85339
2026-01-02 10:00:37,290.27,319,92596
2026-01-02 10:00:38,290.27,293,85049
2026-01-02 10:00:39,290.27,315,91435
2026-01-02 10:00:40,290.27,316,91725
2026-01-02 10:00:41,290.27,308,89403
2026-01-02 10:00:42,290.27,303,87952
2026-01-02 10:00:43,290.27,325,94338
2026-01-02 10:00:44,290.27,276,80115
2026-01-02 10:00:45,290.27,317,92016
2026-01-02 10:00:46,290.27,332,96370
2026-01-02 10:00:47,290.27,303,87952
2026-01-02 10:00:48,290.27,323,93757
2026-01-02 10:00:49,290.27,298,86500
2026-01-02 10:00:50,290.27,320,92886
2026-01-02 10:00:51,290.27,318,92306
2026-01-02 10:00:52,290.27,309,89693
2026-01-02 10:00:53,290.27,295,85630
2026-01-02 10:00:54,290.27,319,92596
2026-01-02 10:00:55,290.27,339,98402
2026-01-02 10:00:56,290.27,336,97531
2026-01-02 10:00:57,290.27,306,88823
2026-01-02 10:00:58,290.27,326,94628
2026-01-02 10:00:59,290.27,340,98692
2026-01-02 10:01:00,290.31,281,81577
2026-01-02 10:01:01,290.63,317,92130
2026-01-02 10:01:02,290.27,331,96079
2026-01-02 10:01:03,290.27,309,89693
2026-01-02 10:01:04,290.27,313,90855
2026-01-02 10:01:05,290.41,304,88285
2026-01-02 10:01:06,290.44,321,93231
2026-01-02 10:01:07,290.54,288,83676
2026-01-02 10:01:08,290.96,280,81469
2026-01-02 10:01:09,290.34,280,81295
2026-01-02 10:01:10,290.27,323,93757
2026-01-02 10:01:11,290.31,327,94931
2026-01-02 10:01:12,290.27,304,88242
2026-01-02 10:01:13,291.05,333,96920
2026-01-02 10:01:14,290.47,331,96146
2026-01-02 10:01:15,290.66,277,80513
2026-01-02 10:01:16,291.16,322,93754
2026-01-02 10:01:17,290.33,316,91744
2026-01-02 10:01:18,290.27,295,85630
2026-01-02 10:01:19,291.09,326,94895
2026-01-02 10:01:20,290.27,331,96079
2026-01-02 10:01:21,290.27,299,86791
2026-01-02 10:01:22,290.78,347,100901
2026-01-02 10:01:23,290.57,320,92982
2026-01-02 10:01:24,290.35,341,99009
2026-01-02 10:01:25,290.87,299,86970
2026-01-02 10:01:26,290.65,303,88067
2026-01-02 10:01:27,290.87,348,101223
2026-01-02 10:01:28,290.53,335,97328
2026-01-02 10:01:29,290.92,278,80876
2026-01-02 10:01:30,291.99,320,93437
2026-01-02 10:01:31,290.57,309,89786
2026-01-02 10:01:32,290.75,313,91005
2026-01-02 10:01:33,290.31,291,84480
2026-01-02 10:01:34,290.91,315,91637
2026-01-02 10:01:35,291.20,292,85030
2026-01-02 10:01:36,290.79,303,88109
2026-01-02 10:01:37,291.95,328,95760
2026-01-02 10:01:38,290.82,281,81720
2026-01-02 10:01:39,290.27,286,83017
2026-01-02 10:01:40,290.27,316,91725
2026-01-02 10:01:41,290.27,299,86791
2026-01-02 10:01:42,290.27,346,100433
2026-01-02 10:01:43,290.27,319,92596
2026-01-02 10:01:44,290.27,289,83888
2026-01-02 10:01:45,290.27,285,82727
2026-01-02 10:01:46,290.27,332,96370
2026-01-02 10:01:47,290.27,324,94047
2026-01-02 10:01:48,290.27,307,89113
2026-01-02 10:01:49,290.27,322,93467
2026-01-02 10:01:50,290.27,307,89113
2026-01-02 10:01:51,290.27,311,90274
2026-01-02 10:01:52,290.27,299,86791
2026-01-02 10:01:53,290.27,334,96950
2026-01-02 10:01:54,291.20,265,77168
2026-01-02 10:01:55,291.88,271,79099
2026-01-02 10:01:56,291.98,297,86718
2026-01-02 10:01:57,292.19,306,89410
2026-01-02 10:01:58,291.35,286,83326
2026-01-02 10:01:59,291.64,303,88367
2026-01-02 10:02:00,292.17,341,99630
2026-01-02 10:02:01,291.27,310,90294
2026-01-02 10:02:02,291.12,302,87918
2026-01-02 10:02:03,291.39,283,82463
2026-01-02 10:02:04,291.77,294,85780
2026-01-02 10:02:05,292.81,330,96627
2026-01-02 10:02:06,293.93,308,90530
2026-01-02 10:02:07,294.13,301,88533
2026-01-02 10:02:08,294.13,321,94416
2026-01-02 10:02:09,294.13,279,82062
2026-01-02 10:02:10,294.05,304,89391
2026-01-02 10:02:11,293.74,269,79016
2026-01-02 10:02:12,293.60,344,100998
2026-01-02 10:02:13,293.33,309,90639
2026-01-02 10:02:14,293.17,291,85312
2026-01-02 10:02:15,293.93,357,104933
2026-01-02 10:02:16,294.13,331,97357
2026-01-02 10:02:17,294.13,333,97945
2026-01-02 10:02:18,294.13,296,87062
2026-01-02 10:02:19,294.13,315,92651
2026-01-02 10:02:20,294.13,330,97063
2026-01-02 10:02:21,294.13,323,95004
2026-01-02 10:02:22,294.13,302,88827
2026-01-02 10:02:23,294.13,325,95592
2026-01-02 10:02:24,294.13,326,95886
2026-01-02 10:02:25,294.13,341,100298
2026-01-02 10:02:26,294.13,293,86180
2026-01-02 10:02:27,294.13,324,95298
2026-01-02 10:02:28,294.13,341,100298
2026-01-02 10:02:29,294.13,313,92063
2026-01-02 10:02:30,294.13,322,94710
2026-01-02 10:02:31,294.13,313,92063
2026-01-02 10:02:32,294.13,322,94710
2026-01-02 10:02:33,294.13,310,91180
2026-01-02 10:02:34,294.13,353,103828
2026-01-02 10:02:35,294.13,352,103534
2026-01-02 10:02:36,294.13,320,94122
2026-01-02 10:02:37,294.13,327,96181
2026-01-02 10:02:38,294.13,298,87651
2026-01-02 10:02:39,293.96,266,78193
2026-01-02 10:02:40,294.10,269,79113
2026-01-02 10:02:41,294.13,293,86180
2026-01-02 10:02:42,294.13,297,87357
2026-01-02 10:02:43,293.41,335,98292
2026-01-02 10:02:44,294.13,284,83533
2026-01-02 10:02:45,293.65,327,96024
2026-01-02 10:02:46,293.46,280,82169
2026-01-02 10:02:47,294.13,293,86180
2026-01-02 10:02:48,293.86,348,102263
2026-01-02 10:02:49,293.76,306,89891
2026-01-02 10:02:50,294.12,321,94413
2026-01-02 10:02:51,294.13,306,90004
2026-01-02 10:02:52,294.13,332,97651
2026-01-02 10:02:53,294.13,328,96475
2026-01-02 10:02:54,294.13,313,92063
2026-01-02 10:02:55,294.13,348,102357
2026-01-02 10:02:56,293.85,297,87273
2026-01-02 10:02:57,293.73,301,88413
2026-01-02 10:02:58,293.39,318,93298
2026-01-02 10:02:59,293.12,286,83832
2026-01-02 10:03:00,292.74,326,95433
2026-01-02 10:03:01,293.20,310,90892
2026-01-02 10:03:02,293.52,326,95688
2026-01-02 10:03:03,292.86,307,89908
2026-01-02 10:03:04,291.83,297,86674
2026-01-02 10:03:05,291.18,335,97545
2026-01-02 10:03:06,291.56,326,95049
2026-01-02 10:03:07,291.46,337,98222
2026-01-02 10:03:08,291.74,293,85480
2026-01-02 10:03:09,292.17,307,89696
2026-01-02 10:03:10,292.35,300,87705
2026-01-02 10:03:11,292.34,301,87994
2026-01-02 10:03:12,291.14,309,89962
2026-01-02 10:03:13,292.10,308,89967
2026-01-02 10:03:14,292.19,261,76262
2026-01-02 10:03:15,291.74,308,89856
2026-01-02 10:03:16,292.20,305,89121
2026-01-02 10:03:17,292.93,286,83778
2026-01-02 10:03:18,292.20,309,90290
2026-01-02 10:03:19,291.79,292,85203
2026-01-02 10:03:20,291.63,305,88947
2026-01-02 10:03:21,291.28,324,94375
2026-01-02 10:03:22,290.87,314,91333
2026-01-02 10:03:23,291.28,309,90006
2026-01-02 10:03:24,290.81,289,84044
2026-01-02 10:03:25,290.82,315,91608
2026-01-02 10:03:26,291.66,313,91290
2026-01-02 10:03:27,291.89,277,80854
2026-01-02 10:03:28,292.18,306,89407
2026-01-02 10:03:29,292.11,322,94059
2026-01-02 10:03:30,292.37,318,92974
2026-01-02 10:03:31,291.89,294,85816
2026-01-02 10:03:32,292.74,285,83431
2026-01-02 10:03:33,292.77,328,96029
2026-01-02 10:03:34,292.69,300,87807
2026-01-02 10:03:35,292.20,295,86199
2026-01-02 10:03:36,292.05,329,96084
2026-01-02 10:03:37,292.77,325,95150
2026-01-02 10:03:38,293.45,334,98012
2026-01-02 10:03:39,293.78,313,91953
2026-01-02 10:03:40,293.04,321,94066
2026-01-02 10:03:41,292.79,297,86959
2026-01-02 10:03:42,292.38,334,97655
2026-01-02 10:03:43,292.18,310,90576
2026-01-02 10:03:44,292.47,301,88033
2026-01-02 10:03:45,293.69,271,79590
2026-01-02 10:03:46,292.60,310,90706
2026-01-02 10:03:47,292.81,319,93406
2026-01-02 10:03:48,292.37,300,87711
2026-01-02 10:03:49,292.93,323,94616
2026-01-02 10:03:50,293.10,312,91447
2026-01-02 10:03:51,293.01,300,87903
2026-01-02 10:03:52,292.92,280,82018
2026-01-02 10:03:53,292.71,295,86349
2026-01-02 10:03:54,292.79,319,93400
2026-01-02 10:03:55,292.41,290,84799
2026-01-02 10:03:56,293.51,331,97152
2026-01-02 10:03:57,293.23,303,88849
2026-01-02 10:03:58,293.26,314,92084
2026-01-02 10:03:59,293.27,297,87101
2026-01-02 10:04:00,294.05,306,89979
2026-01-02 10:04:01,294.13,319,93827
2026-01-02 10:04:02,294.13,286,84121
2026-01-02 10:04:03,294.13,300,88239
2026-01-02 10:04:04,294.13,307,90298
2026-01-02 10:04:05,294.13,311,91474
2026-01-02 10:04:06,294.13,309,90886
2026-01-02 10:04:07,293.99,303,89079
2026-01-02 10:04:08,294.13,291,85592
2026-01-02 10:04:09,293.52,312,91578
2026-01-02 10:04:10,293.96,313,92009
2026-01-02 10:04:11,294.13,307,90298
2026-01-02 10:04:12,294.13,324,95298
2026-01-02 10:04:13,294.13,315,92651
2026-01-02 10:04:14,294.13,312,91769
2026-01-02 10:04:15,294.13,287,84415
2026-01-02 10:04:16,294.13,299,87945
2026-01-02 10:04:17,294.13,304,89416
2026-01-02 10:04:18,294.13,328,96475
2026-01-02 10:04:19,294.13,309,90886
2026-01-02 10:04:20,294.13,306,90004
2026-01-02 10:04:21,294.13,310,91180
2026-01-02 10:04:22,294.13,309,90886
2026-01-02 10:04:23,294.13,312,91769
2026-01-02 10:04:24,294.13,284,83533
2026-01-02 10:04:25,294.13,280,82356
2026-01-02 10:04:26,294.13,307,90298
2026-01-02 10:04:27,294.13,319,93827
2026-01-02 10:04:28,294.13,282,82945
2026-01-02 10:04:29,294.13,294,86474
2026-01-02 10:04:30,294.13,308,90592
2026-01-02 10:04:31,294.13,286,84121
2026-01-02 10:04:32,294.13,324,95298
2026-01-02 10:04:33,294.13,283,83239
2026-01-02 10:04:34,294.13,284,83533
2026-01-02 10:04:35,294.13,315,92651
2026-01-02 10:04:36,294.13,311,91474
2026-01-02 10:04:37,294.13,318,93533
2026-01-02 10:04:38,294.13,341,100298
2026-01-02 10:04:39,294.13,317,93239
2026-01-02 10:04:40,294.13,272,80003
2026-01-02 10:04:41,294.13,287,84415
2026-01-02 10:04:42,294.13,300,88239
2026-01-02 10:04:43,294.13,285,83827
2026-01-02 10:04:44,294.13,309,90886
2026-01-02 10:04:45,294.13,292,85886
2026-01-02 10:04:46,294.13,317,93239
2026-01-02 10:04:47,294.13,312,91769
2026-01-02 10:04:48,294.13,301,88533
2026-01-02 10:04:49,293.73,288,84594
2026-01-02 10:04:50,294.13,307,90298
2026-01-02 10:04:51,294.13,310,91180
2026-01-02 10:04:52,294.13,303,89121
2026-01-02 10:04:53,294.13,325,95592
2026-01-02 10:04:54,294.13,305,89710
2026-01-02 10:04:55,294.13,311,91474
2026-01-02 10:04:56,294.13,306,90004
2026-01-02 10:04:57,294.13,286,84121
2026-01-02 10:04:58,294.13,303,89121
2026-01-02 10:04:59,294.13,269,79121
2026-01-02 10:05:00,294.13,349,102651
2026-01-02 10:05:01,294.13,284,83533
2026-01-02 10:05:02,294.13,302,88827
2026-01-02 10:05:03,294.13,333,97945
2026-01-02 10:05:04,294.13,298,87651
2026-01-02 10:05:05,294.13,301,88533
2026-01-02 10:05:06,294.13,299,87945
2026-01-02 10:05:07,294.13,299,87945
2026-01-02 10:05:08,294.13,278,81768
2026-01-02 10:05:09,294.13,290,85298
2026-01-02 10:05:10,294.13,331,97357
2026-01-02 10:05:11,294.13,302,88827
2026-01-02 10:05:12,294.13,289,85004
2026-01-02 10:05:13,294.13,314,92357
2026-01-02 10:05:14,294.13,324,95298
2026-01-02 10:05:15,294.13,318,93533
2026-01-02 10:05:16,294.13,281,82651
2026-01-02 10:05:17,294.13,323,95004
2026-01-02 10:05:18,294.13,296,87062
2026-01-02 10:05:19,294.13,278,81768
2026-01-02 10:05:20,294.13,275,80886
2026-01-02 10:05:21,294.13,281,82651
2026-01-02 10:05:22,294.13,322,94710
2026-01-02 10:05:23,294.13,296,87062
2026-01-02 10:05:24,294.13,302,88827
2026-01-02 10:05:25,294.13,295,86768
2026-01-02 10:05:26,294.13,293,86180
2026-01-02 10:05:27,294.13,301,88533
2026-01-02 10:05:28,294.13,323,95004
2026-01-02 10:05:29,294.13,305,89710
2026-01-02 10:05:30,294.13,325,95592
2026-01-02 10:05:31,294.13,290,85298
2026-01-02 10:05:32,294.13,343,100887
2026-01-02 10:05:33,294.13,332,97651
2026-01-02 10:05:34,294.13,302,88827
2026-01-02 10:05:35,294.13,290,85298
2026-01-02 10:05:36,294.13,325,95592
2026-01-02 10:05:37,294.13,292,85886
2026-01-02 10:05:38,294.13,286,84121
2026-01-02 10:05:39,294.13,302,88827
2026-01-02 10:05:40,294.13,294,86474
2026-01-02 10:05:41,294.13,288,84709
2026-01-02 10:05:42,294.13,312,91769
2026-01-02 10:05:43,294.13,291,85592
2026-01-02 10:05:44,294.13,293,86180
2026-01-02 10:05:45,294.13,310,91180
2026-01-02 10:05:46,294.13,338,99416
2026-01-02 10:05:47,294.13,299,87945
2026-01-02 10:05:48,294.13,294,86474
2026-01-02 10:05:49,294.13,323,95004
2026-01-02 10:05:50,294.13,312,91769
2026-01-02 10:05:51,294.13,274,80592
2026-01-02 10:05:52,294.13,315,92651
2026-01-02 10:05:53,294.13,287,84415
2026-01-02 10:05:54,294.13,297,87357
2026-01-02 10:05:55,294.13,346,101769
2026-01-02 10:05:56,294.13,352,103534
2026-01-02 10:05:57,294.13,308,90592
2026-01-02 10:05:58,294.13,314,92357
2026-01-02 10:05:59,294.13,328,96475
2026-01-02 10:06:00,294.13,311,91474
2026-01-02 10:06:01,294.13,303,89121
2026-01-02 10:06:02,294.13,298,87651
2026-01-02 10:06:03,294.13,294,86474
2026-01-02 10:06:04,294.13,312,91769
2026-01-02 10:06:05,294.13,273,80297
2026-01-02 10:06:06,294.13,305,89710
2026-01-02 10:06:07,294.13,283,83239
2026-01-02 10:06:08,294.13,264,77650
2026-01-02 10:06:09,294.13,249,73238
2026-01-02 10:06:10,294.13,309,90886
2026-01-02 10:06:11,294.13,311,91474
2026-01-02 10:06:12,294.13,307,90298
2026-01-02 10:06:13,294.13,292,85886
2026-01-02 10:06:14,294.13,330,97063
2026-01-02 10:06:15,294.13,308,90592
2026-01-02 10:06:16,294.13,340,100004
2026-01-02 10:06:17,294.13,301,88533
2026-01-02 10:06:18,294.13,316,92945
2026-01-02 10:06:19,294.13,287,84415
2026-01-02 10:06:20,294.13,315,92651
2026-01-02 10:06:21,294.13,271,79709
2026-01-02 10:06:22,294.13,292,85886
2026-01-02 10:06:23,294.13,297,87357
2026-01-02 10:06:24,294.13,309,90886
2026-01-02 10:06:25,294.13,309,90886
2026-01-02 10:06:26,294.13,283,83239
2026-01-02 10:06:27,294.13,283,83239
2026-01-02 10:06:28,294.13,273,80297
2026-01-02 10:06:29,294.13,307,90298
2026-01-02 10:06:30,294.13,311,91474
2026-01-02 10:06:31,294.13,308,90592
2026-01-02 10:06:32,294.13,279,82062
2026-01-02 10:06:33,294.13,300,88239
2026-01-02 10:06:34,294.13,292,85886
2026-01-02 10:06:35,294.13,326,95886
2026-01-02 10:06:36,294.13,291,85592
2026-01-02 10:06:37,294.13,297,87357
2026-01-02 10:06:38,294.13,312,91769
2026-01-02 10:06:39,294.13,316,92945
2026-01-02 10:06:40,294.13,290,85298
2026-01-02 10:06:41,294.13,323,95004
2026-01-02 10:06:42,294.13,317,93239
2026-01-02 10:06:43,294.13,290,85298
2026-01-02 10:06:44,294.13,315,92651
2026-01-02 10:06:45,294.13,318,93533
2026-01-02 10:06:46,294.13,301,88533
2026-01-02 10:06:47,294.13,294,86474
2026-01-02 10:06:48,294.13,281,82651
2026-01-02 10:06:49,294.13,330,97063
2026-01-02 10:06:50,294.13,294,86474
2026-01-02 10:06:51,294.13,292,85886
2026-01-02 10:06:52,294.13,330,97063
2026-01-02 10:06:53,294.13,319,93827
2026-01-02 10:06:54,294.13,304,89416
2026-01-02 10:06:55,294.13,283,83239
2026-01-02 10:06:56,294.13,307,90298
2026-01-02 10:06:57,294.13,301,88533
2026-01-02 10:06:58,294.13,268,78827
2026-01-02 10:06:59,294.13,301,88533
2026-01-02 10:07:00,294.13,286,84121
2026-01-02 10:07:01,294.13,308,90592
2026-01-02 10:07:02,294.13,290,85298
2026-01-02 10:07:03,294.13,321,94416
2026-01-02 10:07:04,294.13,314,92357
2026-01-02 10:07:05,294.13,275,80886
2026-01-02 10:07:06,294.13,291,85592
2026-01-02 10:07:07,294.13,305,89710
2026-01-02 10:07:08,294.13,289,85004
2026-01-02 10:07:09,294.13,303,89121
2026-01-02 10:07:10,294.13,294,86474
2026-01-02 10:07:11,294.13,288,84709
2026-01-02 10:07:12,294.13,273,80297
2026-01-02 10:07:13,294.13,283,83239
2026-01-02 10:07:14,294.13,273,80297
2026-01-02 10:07:15,294.13,308,90592
2026-01-02 10:07:16,294.13,317,93239
2026-01-02 10:07:17,294.13,340,100004
2026-01-02 10:07:18,294.13,318,93533
2026-01-02 10:07:19,294.13,295,86768
2026-01-02 10:07:20,294.13,305,89710
2026-01-02 10:07:21,294.13,341,100298
2026-01-02 10:07:22,294.13,278,81768
2026-01-02 10:07:23,294.13,284,83533
2026-01-02 10:07:24,294.13,281,82651
2026-01-02 10:07:25,294.13,315,92651
2026-01-02 10:07:26,294.13,279,82062
2026-01-02 10:07:27,294.13,276,81180
2026-01-02 10:07:28,294.13,315,92651
2026-01-02 10:07:29,294.13,285,83827
2026-01-02 10:07:30,294.13,287,84415
2026-01-02 10:07:31,294.13,320,94122
2026-01-02 10:07:32,294.13,266,78239
2026-01-02 10:07:33,294.13,313,92063
2026-01-02 10:07:34,294.13,299,87945
2026-01-02 10:07:35,294.13,279,82062
2026-01-02 10:07:36,294.13,288,84709
2026-01-02 10:07:37,294.13,278,81768
2026-01-02 10:07:38,294.13,265,77944
2026-01-02 10:07:39,294.13,279,82062
2026-01-02 10:07:40,294.13,312,91769
2026-01-02 10:07:41,294.13,293,86180
2026-01-02 10:07:42,294.13,285,83827
2026-01-02 10:07:43,294.13,270,79415
2026-01-02 10:07:44,294.13,250,73532
2026-01-02 10:07:45,294.13,283,83239
2026-01-02 10:07:46,294.13,298,87651
2026-01-02 10:07:47,294.13,268,78827
2026-01-02 10:07:48,294.13,290,85298
2026-01-02 10:07:49,294.13,286,84121
2026-01-02 10:07:50,294.13,266,78239
2026-01-02 10:07:51,294.13,294,86474
2026-01-02 10:07:52,294.13,278,81768
2026-01-02 10:07:53,294.13,286,84121
2026-01-02 10:07:54,294.13,249,73238
2026-01-02 10:07:55,294.13,310,91180
2026-01-02 10:07:56,294.13,290,85298
2026-01-02 10:07:57,294.13,295,86768
2026-01-02 10:07:58,294.13,311,91474
2026-01-02 10:07:59,294.13,287,84415
2026-01-02 10:08:00,294.13,287,84415
2026-01-02 10:08:01,294.13,320,94122
2026-01-02 10:08:02,294.13,292,85886
2026-01-02 10:08:03,294.13,284,83533
2026-01-02 10:08:04,294.13,271,79709
2026-01-02 10:08:05,294.13,292,85886
2026-01-02 10:08:06,294.13,317,93239
2026-01-02 10:08:07,294.13,288,84709
2026-01-02 10:08:08,294.13,286,84121
2026-01-02 10:08:09,294.13,311,91474
2026-01-02 10:08:10,294.13,339,99710
2026-01-02 10:08:11,294.13,275,80886
2026-01-02 10:08:12,294.13,314,92357
2026-01-02 10:08:13,294.13,289,85004
2026-01-02 10:08:14,294.13,316,92945
2026-01-02 10:08:15,294.13,291,85592
2026-01-02 10:08:16,294.13,305,89710
2026-01-02 10:08:17,294.13,290,85298
2026-01-02 10:08:18,294.13,274,80592
2026-01-02 10:08:19,294.13,304,89416
2026-01-02 10:08:20,294.13,280,82356
2026-01-02 10:08:21,294.13,280,82356
2026-01-02 10:08:22,294.13,309,90886
2026-01-02 10:08:23,294.13,280,82356
2026-01-02 10:08:24,294.13,287,84415
2026-01-02 10:08:25,294.13,320,94122
2026-01-02 10:08:26,294.13,304,89416
2026-01-02 10:08:27,294.13,303,89121
2026-01-02 10:08:28,294.13,317,93239
2026-01-02 10:08:29,294.13,285,83827
2026-01-02 10:08:30,294.13,309,90886
2026-01-02 10:08:31,294.13,300,88239
2026-01-02 10:08:32,294.13,309,90886
2026-01-02 10:08:33,294.13,281,82651
2026-01-02 10:08:34,294.13,288,84709
2026-01-02 10:08:35,294.13,290,85298
2026-01-02 10:08:36,294.13,287,84415
2026-01-02 10:08:37,294.13,315,92651
2026-01-02 10:08:38,294.13,301,88533
2026-01-02 10:08:39,294.13,287,84415
2026-01-02 10:08:40,294.13,279,82062
2026-01-02 10:08:41,294.13,293,86180
2026-01-02 10:08:42,294.13,284,83533
2026-01-02 10:08:43,294.13,307,90298
2026-01-02 10:08:44,294.13,273,80297
2026-01-02 10:08:45,294.13,310,91180
2026-01-02 10:08:46,294.13,322,94710
2026-01-02 10:08:47,294.13,303,89121
2026-01-02 10:08:48,294.13,273,80297
2026-01-02 10:08:49,294.13,278,81768
2026-01-02 10:08:50,294.13,273,80297
2026-01-02 10:08:51,294.13,319,93827
2026-01-02 10:08:52,294.13,267,78533
2026-01-02 10:08:53,294.13,276,81180
2026-01-02 10:08:54,294.13,268,78827
2026-01-02 10:08:55,294.13,279,82062
2026-01-02 10:08:56,294.13,253,74415
2026-01-02 10:08:57,294.13,302,88827
2026-01-02 10:08:58,294.13,301,88533
2026-01-02 10:08:59,294.13,291,85592
2026-01-02 10:09:00,294.13,277,81474
2026-01-02 10:09:01,294.13,303,89121
2026-01-02 10:09:02,294.13,287,84415
2026-01-02 10:09:03,294.13,288,84709
2026-01-02 10:09:04,294.13,292,85886
2026-01-02 10:09:05,294.13,285,83827
2026-01-02 10:09:06,294.13,261,76768
2026-01-02 10:09:07,294.13,300,88239
2026-01-02 10:09:08,294.13,284,83533
2026-01-02 10:09:09,294.13,294,86474
2026-01-02 10:09:10,294.13,305,89710
2026-01-02 10:09:11,294.13,268,78827
2026-01-02 10:09:12,294.13,308,90592
2026-01-02 10:09:13,294.13,282,82945
2026-01-02 10:09:14,294.13,287,84415
2026-01-02 10:09:15,294.13,300,88239
2026-01-02 10:09:16,294.13,286,84121
2026-01-02 10:09:17,294.13,286,84121
2026-01-02 10:09:18,294.13,286,84121
2026-01-02 10:09:19,294.13,282,82945
2026-01-02 10:09:20,294.13,267,78533
2026-01-02 10:09:21,294.13,308,90592
2026-01-02 10:09:22,294.13,324,95298
2026-01-02 10:09:23,294.13,289,85004
2026-01-02 10:09:24,294.13,275,80886
2026-01-02 10:09:25,294.13,278,81768
2026-01-02 10:09:26,294.13,288,84709
2026-01-02 10:09:27,294.13,283,83239
2026-01-02 10:09:28,294.13,267,78533
2026-01-02 10:09:29,294.13,257,75591
2026-01-02 10:09:30,294.13,260,76474
2026-01-02 10:09:31,294.13,278,81768
2026-01-02 10:09:32,294.13,327,96181
2026-01-02 10:09:33,294.13,287,84415
2026-01-02 10:09:34,294.13,305,89710
2026-01-02 10:09:35,294.13,317,93239
2026-01-02 10:09:36,294.13,294,86474
2026-01-02 10:09:37,294.13,307,90298
2026-01-02 10:09:38,294.13,270,79415
2026-01-02 10:09:39,294.13,292,85886
2026-01-02 10:09:40,294.13,277,81474
2026-01-02 10:09:41,294.13,278,81768
2026-01-02 10:09:42,294.13,269,79121
2026-01-02 10:09:43,294.13,298,87651
2026-01-02 10:09:44,294.13,299,87945
2026-01-02 10:09:45,294.13,290,85298
2026-01-02 10:09:46,294.13,271,79709
2026-01-02 10:09:47,294.13,309,90886
2026-01-02 10:09:48,294.13,320,94122
2026-01-02 10:09:49,294.13,306,90004
2026-01-02 10:09:50,294.13,259,76180
2026-01-02 10:09:51,294.13,296,87062
2026-01-02 10:09:52,294.13,272,80003
2026-01-02 10:09:53,294.13,321,94416
2026-01-02 10:09:54,294.13,267,78533
2026-01-02 10:09:55,294.13,265,77944
2026-01-02 10:09:56,294.13,321,94416
2026-01-02 10:09:57,294.13,297,87357
2026-01-02 10:09:58,294.13,287,84415
2026-01-02 10:09:59,294.13,313,92063
2026-01-02 10:10:00,294.13,301,88533
2026-01-02 10:10:01,294.13,268,78827
2026-01-02 10:10:02,294.13,303,89121
2026-01-02 10:10:03,294.13,294,86474
2026-01-02 10:10:04,294.13,297,87357
2026-01-02 10:10:05,294.13,282,82945
2026-01-02 10:10:06,294.13,298,87651
2026-01-02 10:10:07,294.13,290,85298
2026-01-02 10:10:08,294.13,292,85886
2026-01-02 10:10:09,294.13,253,74415
2026-01-02 10:10:10,294.13,283,83239
2026-01-02 10:10:11,294.13,322,94710
2026-01-02 10:10:12,294.13,289,85004
2026-01-02 10:10:13,294.13,277,81474
2026-01-02 10:10:14,294.13,265,77944
2026-01-02 10:10:15,294.13,294,86474
2026-01-02 10:10:16,294.13,255,75003
2026-01-02 10:10:17,294.13,290,85298
2026-01-02 10:10:18,294.13,267,78533
2026-01-02 10:10:19,294.13,274,80592
2026-01-02 10:10:20,294.13,268,78827
2026-01-02 10:10:21,294.13,266,78239
2026-01-02 10:10:22,294.13,265,77944
2026-01-02 10:10:23,294.13,274,80592
2026-01-02 10:10:24,294.13,331,97357
2026-01-02 10:10:25,294.13,288,84709
2026-01-02 10:10:26,294.13,309,90886
2026-01-02 10:10:27,294.13,272,80003
2026-01-02 10:10:28,294.13,293,86180
2026-01-02 10:10:29,294.13,318,93533
2026-01-02 10:10:30,294.13,304,89416
2026-01-02 10:10:31,294.13,300,88239
2026-01-02 10:10:32,294.13,243,71474
2026-01-02 10:10:33,294.13,274,80592
2026-01-02 10:10:34,294.13,300,88239
2026-01-02 10:10:35,294.13,297,87357
2026-01-02 10:10:36,294.13,243,71474
2026-01-02 10:10:37,294.13,310,91180
2026-01-02 10:10:38,294.13,286,84121
2026-01-02 10:10:39,294.13,271,79709
2026-01-02 10:10:40,294.13,289,85004
2026-01-02 10:10:41,294.13,274,80592
2026-01-02 10:10:42,294.13,302,88827
2026-01-02 10:10:43,294.13,289,85004
2026-01-02 10:10:44,294.13,317,93239
2026-01-02 10:10:45,294.13,258,75886
2026-01-02 10:10:46,294.13,282,82945
2026-01-02 10:10:47,294.13,307,90298
2026-01-02 10:10:48,294.13,277,81474
2026-01-02 10:10:49,294.13,295,86768
2026-01-02 10:10:50,294.13,281,82651
2026-01-02 10:10:51,294.03,272,79976
2026-01-02 10:10:52,294.13,271,79709
2026-01-02 10:10:53,294.06,299,87924
2026-01-02 10:10:54,294.03,284,83505
2026-01-02 10:10:55,294.13,274,80592
2026-01-02 10:10:56,294.13,278,81768
2026-01-02 10:10:57,294.13,302,88827
2026-01-02 10:10:58,294.13,281,82651
2026-01-02 10:10:59,294.13,277,81474
2026-01-02 10:11:00,294.13,320,94122
2026-01-02 10:11:01,294.13,301,88533
2026-01-02 10:11:02,294.13,275,80886
2026-01-02 10:11:03,294.13,304,89416
2026-01-02 10:11:04,294.13,281,82651
2026-01-02 10:11:05,294.13,267,78533
2026-01-02 10:11:06,294.13,273,80297
2026-01-02 10:11:07,294.13,272,80003
2026-01-02 10:11:08,294.13,289,85004
2026-01-02 10:11:09,294.13,286,84121
2026-01-02 10:11:10,294.13,293,86180
2026-01-02 10:11:11,294.13,308,90592
2026-01-02 10:11:12,294.13,294,86474
2026-01-02 10:11:13,294.13,294,86474
2026-01-02 10:11:14,294.13,287,84415
2026-01-02 10:11:15,294.13,306,90004
2026-01-02 10:11:16,294.13,294,86474
2026-01-02 10:11:17,294.13,247,72650
2026-01-02 10:11:18,294.13,342,100592
2026-01-02 10:11:19,294.13,276,81180
2026-01-02 10:11:20,294.13,281,82651
2026-01-02 10:11:21,293.79,292,85787
2026-01-02 10:11:22,294.13,323,95004
2026-01-02 10:11:23,294.13,267,78533
2026-01-02 10:11:24,294.13,282,82945
2026-01-02 10:11:25,294.13,271,79709
2026-01-02 10:11:26,294.13,270,79415
2026-01-02 10:11:27,294.13,300,88239
2026-01-02 10:11:28,294.13,304,89416
2026-01-02 10:11:29,294.13,269,79121
2026-01-02 10:11:30,294.13,287,84415
2026-01-02 10:11:31,294.13,315,92651
2026-01-02 10:11:32,294.13,290,85298
2026-01-02 10:11:33,294.13,333,97945
2026-01-02 10:11:34,294.13,269,79121
2026-01-02 10:11:35,294.13,270,79415
2026-01-02 10:11:36,294.13,299,87945
2026-01-02 10:11:37,294.13,310,91180
2026-01-02 10:11:38,294.13,258,75886
2026-01-02 10:11:39,294.13,298,87651
2026-01-02 10:11:40,294.13,278,81768
2026-01-02 10:11:41,294.13,293,86180
2026-01-02 10:11:42,294.13,273,80297
2026-01-02 10:11:43,294.13,291,85592
2026-01-02 10:11:44,294.13,293,86180
2026-01-02 10:11:45,294.13,266,78239
2026-01-02 10:11:46,294.13,281,82651
2026-01-02 10:11:47,294.13,260,76474
2026-01-02 10:11:48,294.13,277,81474
2026-01-02 10:11:49,294.13,280,82356
2026-01-02 10:11:50,294.13,310,91180
2026-01-02 10:11:51,294.13,266,78239
2026-01-02 10:11:52,294.13,292,85886
2026-01-02 10:11:53,294.13,273,80297
2026-01-02 10:11:54,294.13,272,80003
2026-01-02 10:11:55,294.13,257,75591
2026-01-02 10:11:56,294.13,277,81474
2026-01-02 10:11:57,294.13,298,87651
2026-01-02 10:11:58,294.13,256,75297
2026-01-02 10:11:59,294.13,266,78239
2026-01-02 10:12:00,294.13,286,84121
2026-01-02 10:12:01,294.13,302,88827
2026-01-02 10:12:02,294.13,312,91769
2026-01-02 10:12:03,294.13,278,81768
2026-01-02 10:12:04,294.13,296,87062
2026-01-02 10:12:05,294.13,287,84415
2026-01-02 10:12:06,294.13,280,82356
2026-01-02 10:12:07,294.13,272,80003
2026-01-02 10:12:08,294.13,280,82356
2026-01-02 10:12:09,294.13,301,88533
2026-01-02 10:12:10,294.13,269,79121
2026-01-02 10:12:11,294.13,299,87945
2026-01-02 10:12:12,294.13,298,87651
2026-01-02 10:12:13,294.13,292,85886
2026-01-02 10:12:14,294.13,248,72944
2026-01-02 10:12:15,294.13,295,86768
2026-01-02 10:12:16,294.13,277,81474
2026-01-02 10:12:17,294.13,281,82651
2026-01-02 10:12:18,294.13,239,70297
2026-01-02 10:12:19,294.13,267,78533
2026-01-02 10:12:20,294.13,313,92063
2026-01-02 10:12:21,294.13,286,84121
2026-01-02 10:12:22,294.13,291,85592
2026-01-02 10:12:23,294.13,314,92357
2026-01-02 10:12:24,294.13,269,79121
2026-01-02 10:12:25,294.13,273,80297
2026-01-02 10:12:26,294.13,264,77650
2026-01-02 10:12:27,294.13,263,77356
2026-01-02 10:12:28,294.13,296,87062
2026-01-02 10:12:29,294.13,280,82356
2026-01-02 10:12:30,294.13,242,71179
2026-01-02 10:12:31,294.13,242,71179
2026-01-02 10:12:32,294.13,263,77356
2026-01-02 10:12:33,294.13,271,79709
2026-01-02 10:12:34,294.13,261,76768
2026-01-02 10:12:35,294.13,273,80297
2026-01-02 10:12:36,294.13,282,82945
2026-01-02 10:12:37,294.13,292,85886
2026-01-02 10:12:38,294.13,264,77650
2026-01-02 10:12:39,294.13,263,77356
2026-01-02 10:12:40,294.13,289,85004
2026-01-02 10:12:41,294.13,238,70003
2026-01-02 10:12:42,294.13,280,82356
2026-01-02 10:12:43,294.13,278,81768
2026-01-02 10:12:44,294.13,278,81768
2026-01-02 10:12:45,294.13,261,76768
2026-01-02 10:12:46,294.13,276,81180
2026-01-02 10:12:47,294.13,289,85004
2026-01-02 10:12:48,294.13,281,82651
2026-01-02 10:12:49,294.13,281,82651
2026-01-02 10:12:50,294.13,280,82356
2026-01-02 10:12:51,294.13,249,73238
2026-01-02 10:12:52,294.13,283,83239
2026-01-02 10:12:53,294.13,262,77062
2026-01-02 10:12:54,294.13,293,86180
2026-01-02 10:12:55,294.13,283,83239
2026-01-02 10:12:56,294.13,276,81180
2026-01-02 10:12:57,294.13,267,78533
2026-01-02 10:12:58,294.13,280,82356
2026-01-02 10:12:59,294.13,300,88239
2026-01-02 10:13:00,294.13,266,78239
2026-01-02 10:13:01,294.13,272,80003
2026-01-02 10:13:02,294.13,251,73827
2026-01-02 10:13:03,294.13,274,80592
2026-01-02 10:13:04,294.13,291,85592
2026-01-02 10:13:05,294.13,262,77062
2026-01-02 10:13:06,294.13,314,92357
2026-01-02 10:13:07,294.13,290,85298
2026-01-02 10:13:08,294.13,249,73238
2026-01-02 10:13:09,294.13,265,77944
2026-01-02 10:13:10,294.13,262,77062
2026-01-02 10:13:11,294.13,282,82945
2026-01-02 10:13:12,294.13,265,77944
2026-01-02 10:13:13,294.13,266,78239
2026-01-02 10:13:14,294.13,273,80297
2026-01-02 10:13:15,294.13,287,84415
2026-01-02 10:13:16,294.13,302,88827
2026-01-02 10:13:17,294.13,281,82651
2026-01-02 10:13:18,294.13,271,79709
2026-01-02 10:13:19,294.13,277,81474
2026-01-02 10:13:20,294.13,265,77944
2026-01-02 10:13:21,294.13,300,88239
2026-01-02 10:13:22,294.13,276,81180
2026-01-02 10:13:23,294.13,279,82062
2026-01-02 10:13:24,294.13,268,78827
2026-01-02 10:13:25,294.13,285,83827
2026-01-02 10:13:26,294.13,275,80886
2026-01-02 10:13:27,294.13,289,85004
2026-01-02 10:13:28,294.13,303,89121
2026-01-02 10:13:29,294.13,272,80003
2026-01-02 10:13:30,294.13,295,86768
2026-01-02 10:13:31,294.13,295,86768
2026-01-02 10:13:32,294.13,263,77356
2026-01-02 10:13:33,294.13,277,81474
2026-01-02 10:13:34,294.13,293,86180
2026-01-02 10:13:35,294.13,294,86474
2026-01-02 10:13:36,294.13,290,85298
2026-01-02 10:13:37,294.13,318,93533
2026-01-02 10:13:38,294.13,270,79415
2026-01-02 10:13:39,294.13,259,76180
2026-01-02 10:13:40,294.13,289,85004
2026-01-02 10:13:41,294.13,287,84415
2026-01-02 10:13:42,294.13,271,79709
2026-01-02 10:13:43,294.13,268,78827
2026-01-02 10:13:44,294.13,261,76768
2026-01-02 10:13:45,294.13,271,79709
2026-01-02 10:13:46,294.13,280,82356
2026-01-02 10:13:47,294.13,273,80297
2026-01-02 10:13:48,294.13,273,80297
2026-01-02 10:13:49,294.13,285,83827
2026-01-02 10:13:50,294.13,257,75591
2026-01-02 10:13:51,294.13,282,82945
2026-01-02 10:13:52,294.13,275,80886
2026-01-02 10:13:53,294.13,280,82356
2026-01-02 10:13:54,294.13,257,75591
2026-01-02 10:13:55,294.13,291,85592
2026-01-02 10:13:56,294.13,264,77650
2026-01-02 10:13:57,294.13,274,80592
2026-01-02 10:13:58,294.13,284,83533
2026-01-02 10:13:59,294.13,273,80297
2026-01-02 10:14:00,294.13,294,86474
2026-01-02 10:14:01,294.13,286,84121
2026-01-02 10:14:02,294.13,284,83533
2026-01-02 10:14:03,294.13,285,83827
2026-01-02 10:14:04,294.13,264,77650
2026-01-02 10:14:05,294.13,276,81180
2026-01-02 10:14:06,294.13,287,84415
2026-01-02 10:14:07,294.13,294,86474
2026-01-02 10:14:08,294.13,256,75297
2026-01-02 10:14:09,294.13,306,90004
2026-01-02 10:14:10,294.13,293,86180
2026-01-02 10:14:11,294.13,269,79121
2026-01-02 10:14:12,294.13,289,85004
2026-01-02 10:14:13,294.13,262,77062
2026-01-02 10:14:14,294.13,274,80592
2026-01-02 10:14:15,294.13,273,80297
2026-01-02 10:14:16,294.13,267,78533
2026-01-02 10:14:17,294.13,263,77356
2026-01-02 10:14:18,294.13,294,86474
2026-01-02 10:14:19,294.13,283,83239
2026-01-02 10:14:20,294.13,284,83533
2026-01-02 10:14:21,294.13,255,75003
2026-01-02 10:14:22,294.13,290,85298
