timestamp,price,volume,amount
2026-01-02 09:30:00,44.81,391,17521
2026-01-02 09:30:01,44.81,363,16266
2026-01-02 09:30:02,44.82,356,15956
2026-01-02 09:30:03,44.81,343,15370
2026-01-02 09:30:04,44.81,347,15549
2026-01-02 09:30:05,44.81,332,14877
2026-01-02 09:30:06,44.81,340,15235
2026-01-02 09:30:07,44.81,353,15818
2026-01-02 09:30:08,44.81,353,15818
2026-01-02 09:30:09,44.81,377,16893
2026-01-02 09:30:10,44.81,329,14742
2026-01-02 09:30:11,44.81,331,14832
2026-01-02 09:30:12,44.91,381,17111
2026-01-02 09:30:13,44.94,341,15325
2026-01-02 09:30:14,44.92,377,16935
2026-01-02 09:30:15,44.97,329,14795
2026-01-02 09:30:16,44.92,340,15273
2026-01-02 09:30:17,45.11,364,16420
2026-01-02 09:30:18,44.98,388,17452
2026-01-02 09:30:19,44.97,361,16234
2026-01-02 09:30:20,44.93,338,15186
2026-01-02 09:30:21,44.91,350,15718
2026-01-02 09:30:22,44.92,349,15677
2026-01-02 09:30:23,44.81,327,14653
2026-01-02 09:30:24,44.81,366,16400
2026-01-02 09:30:25,44.81,318,14250
2026-01-02 09:30:26,44.81,349,15639
2026-01-02 09:30:27,44.81,385,17252
2026-01-02 09:30:28,44.81,362,16221
2026-01-02 09:30:29,44.81,327,14653
2026-01-02 09:30:30,44.81,339,15191
2026-01-02 09:30:31,44.81,326,14608
2026-01-02 09:30:32,44.81,362,16221
2026-01-02 09:30:33,44.81,371,16625
2026-01-02 09:30:34,44.81,348,15594
2026-01-02 09:30:35,44.81,344,15415
2026-01-02 09:30:36,44.81,358,16042
2026-01-02 09:30:37,44.81,369,16535
2026-01-02 09:30:38,44.81,350,15684
2026-01-02 09:30:39,44.81,364,16311
2026-01-02 09:30:40,44.81,359,16087
2026-01-02 09:30:41,44.81,358,16042
2026-01-02 09:30:42,44.81,319,14294
2026-01-02 09:30:43,44.81,350,15684
2026-01-02 09:30:44,44.81,349,15639
2026-01-02 09:30:45,44.81,326,14608
2026-01-02 09:30:46,44.81,340,15235
2026-01-02 09:30:47,44.81,359,16087
2026-01-02 09:30:48,44.81,379,16983
2026-01-02 09:30:49,44.81,364,16311
2026-01-02 09:30:50,44.81,351,15728
2026-01-02 09:30:51,44.81,302,13533
2026-01-02 09:30:52,44.81,342,15325
2026-01-02 09:30:53,44.81,365,16356
2026-01-02 09:30:54,44.81,356,15952
2026-01-02 09:30:55,44.81,304,13622
2026-01-02 09:30:56,44.81,350,15684
2026-01-02 09:30:57,44.81,343,15370
2026-01-02 09:30:58,44.81,343,15370
2026-01-02 09:30:59,44.81,341,15280
2026-01-02 09:31:00,44.81,333,14922
2026-01-02 09:31:01,44.81,331,14832
2026-01-02 09:31:02,44.81,350,15684
2026-01-02 09:31:03,44.81,338,15146
2026-01-02 09:31:04,44.81,339,15191
2026-01-02 09:31:05,44.81,316,14160
2026-01-02 09:31:06,44.81,347,15549
2026-01-02 09:31:07,44.81,354,15863
2026-01-02 09:31:08,44.81,329,14742
2026-01-02 09:31:09,44.81,329,14742
2026-01-02 09:31:10,44.81,354,15863
2026-01-02 09:31:11,44.81,334,14967
2026-01-02 09:31:12,44.81,381,17073
2026-01-02 09:31:13,44.81,348,15594
2026-01-02 09:31:14,44.81,388,17386
2026-01-02 09:31:15,44.81,357,15997
2026-01-02 09:31:16,44.81,355,15908
2026-01-02 09:31:17,44.81,355,15908
2026-01-02 09:31:18,44.81,375,16804
2026-01-02 09:31:19,44.81,366,16400
2026-01-02 09:31:20,44.81,340,15235
2026-01-02 09:31:21,44.81,345,15459
2026-01-02 09:31:22,44.81,359,16087
2026-01-02 09:31:23,44.81,372,16669
2026-01-02 09:31:24,44.81,382,17117
2026-01-02 09:31:25,44.81,342,15325
2026-01-02 09:31:26,44.81,339,15191
2026-01-02 09:31:27,44.82,341,15284
2026-01-02 09:31:28,44.81,357,15997
2026-01-02 09:31:29,44.81,392,17566
2026-01-02 09:31:30,44.81,343,15370
2026-01-02 09:31:31,44.81,302,13533
2026-01-02 09:31:32,44.81,320,14339
2026-01-02 09:31:33,44.81,363,16266
2026-01-02 09:31:34,44.81,348,15594
2026-01-02 09:31:35,44.81,341,15280
2026-01-02 09:31:36,44.81,362,16221
2026-01-02 09:31:37,44.81,331,14832
2026-01-02 09:31:38,44.81,327,14653
2026-01-02 09:31:39,44.81,351,15728
2026-01-02 09:31:40,44.81,367,16445
2026-01-02 09:31:41,44.81,369,16535
2026-01-02 09:31:42,44.81,332,14877
2026-01-02 09:31:43,44.81,352,15773
2026-01-02 09:31:44,44.81,343,15370
2026-01-02 09:31:45,44.81,357,15997
2026-01-02 09:31:46,44.81,353,15818
2026-01-02 09:31:47,44.83,356,15959
2026-01-02 09:31:48,44.81,365,16356
2026-01-02 09:31:49,44.81,411,18417
2026-01-02 09:31:50,44.81,362,16221
2026-01-02 09:31:51,44.82,322,14432
2026-01-02 09:31:52,44.84,340,15246
2026-01-02 09:31:53,44.86,366,16419
2026-01-02 09:31:54,44.90,366,16433
2026-01-02 09:31:55,45.00,367,16515
2026-01-02 09:31:56,45.05,393,17705
2026-01-02 09:31:57,44.96,351,15781
2026-01-02 09:31:58,44.96,317,14252
2026-01-02 09:31:59,45.04,356,16034
2026-01-02 09:32:00,45.00,378,17010
2026-01-02 09:32:01,44.87,329,14762
2026-01-02 09:32:02,44.91,348,15629
2026-01-02 09:32:03,44.92,350,15722
2026-01-02 09:32:04,44.84,345,15470
2026-01-02 09:32:05,44.98,325,14618
2026-01-02 09:32:06,44.96,368,16545
2026-01-02 09:32:07,44.84,359,16098
2026-01-02 09:32:08,44.85,341,15294
2026-01-02 09:32:09,44.85,335,15025
2026-01-02 09:32:10,44.82,345,15463
2026-01-02 09:32:11,44.81,366,16400
2026-01-02 09:32:12,44.82,350,15687
2026-01-02 09:32:13,44.82,382,17121
2026-01-02 09:32:14,44.81,362,16221
2026-01-02 09:32:15,44.81,345,15459
2026-01-02 09:32:16,44.81,345,15459
2026-01-02 09:32:17,44.81,353,15818
2026-01-02 09:32:18,44.81,340,15235
2026-01-02 09:32:19,44.81,347,15549
2026-01-02 09:32:20,44.81,321,14384
2026-01-02 09:32:21,44.81,373,16714
2026-01-02 09:32:22,44.81,336,15056
2026-01-02 09:32:23,44.81,322,14429
2026-01-02 09:32:24,44.81,362,16221
2026-01-02 09:32:25,44.81,341,15280
2026-01-02 09:32:26,44.81,342,15325
2026-01-02 09:32:27,44.81,329,14742
2026-01-02 09:32:28,44.81,367,16445
2026-01-02 09:32:29,44.81,321,14384
2026-01-02 09:32:30,44.81,324,14518
2026-01-02 09:32:31,44.81,356,15952
2026-01-02 09:32:32,44.81,344,15415
2026-01-02 09:32:33,44.81,329,14742
2026-01-02 09:32:34,44.81,334,14967
2026-01-02 09:32:35,44.81,344,15415
2026-01-02 09:32:36,44.81,310,13891
2026-01-02 09:32:37,44.81,329,14742
2026-01-02 09:32:38,44.81,350,15684
2026-01-02 09:32:39,44.81,342,15325
2026-01-02 09:32:40,44.81,327,14653
2026-01-02 09:32:41,44.81,313,14026
2026-01-02 09:32:42,44.81,361,16176
2026-01-02 09:32:43,44.81,361,16176
2026-01-02 09:32:44,44.81,370,16580
2026-01-02 09:32:45,44.81,346,15504
2026-01-02 09:32:46,44.81,372,16669
2026-01-02 09:32:47,44.81,334,14967
2026-01-02 09:32:48,44.81,345,15459
2026-01-02 09:32:49,44.81,362,16221
2026-01-02 09:32:50,44.81,321,14384
2026-01-02 09:32:51,44.81,348,15594
2026-01-02 09:32:52,44.81,315,14115
2026-01-02 09:32:53,44.81,355,15908
2026-01-02 09:32:54,44.81,331,14832
2026-01-02 09:32:55,44.81,343,15370
2026-01-02 09:32:56,44.81,353,15818
2026-01-02 09:32:57,44.81,340,15235
2026-01-02 09:32:58,44.81,332,14877
2026-01-02 09:32:59,44.81,346,15504
2026-01-02 09:33:00,44.81,326,14608
2026-01-02 09:33:01,44.81,330,14787
2026-01-02 09:33:02,44.81,314,14070
2026-01-02 09:33:03,44.81,359,16087
2026-01-02 09:33:04,44.81,375,16804
2026-01-02 09:33:05,44.81,338,15146
2026-01-02 09:33:06,44.81,332,14877
2026-01-02 09:33:07,44.81,339,15191
2026-01-02 09:33:08,44.81,346,15504
2026-01-02 09:33:09,44.81,359,16087
2026-01-02 09:33:10,44.81,370,16580
2026-01-02 09:33:11,44.81,318,14250
2026-01-02 09:33:12,44.81,307,13757
2026-01-02 09:33:13,44.81,349,15639
2026-01-02 09:33:14,44.81,337,15101
2026-01-02 09:33:15,44.86,337,15118
2026-01-02 09:33:16,45.02,328,14767
2026-01-02 09:33:17,45.11,330,14886
2026-01-02 09:33:18,45.08,322,14516
2026-01-02 09:33:19,45.04,338,15224
2026-01-02 09:33:20,45.03,345,15535
2026-01-02 09:33:21,44.98,324,14574
2026-01-02 09:33:22,45.00,358,16110
2026-01-02 09:33:23,44.97,349,15695
2026-01-02 09:33:24,44.96,346,15556
2026-01-02 09:33:25,44.97,338,15200
2026-01-02 09:33:26,45.08,317,14290
2026-01-02 09:33:27,45.12,349,15747
2026-01-02 09:33:28,45.12,334,15070
2026-01-02 09:33:29,45.06,324,14599
2026-01-02 09:33:30,44.99,350,15746
2026-01-02 09:33:31,44.92,350,15722
2026-01-02 09:33:32,45.07,325,14648
2026-01-02 09:33:33,45.05,360,16218
2026-01-02 09:33:34,44.96,330,14837
2026-01-02 09:33:35,45.06,326,14690
2026-01-02 09:33:36,45.10,321,14477
2026-01-02 09:33:37,44.98,343,15428
2026-01-02 09:33:38,45.00,320,14400
2026-01-02 09:33:39,44.99,310,13947
2026-01-02 09:33:40,44.95,350,15733
2026-01-02 09:33:41,44.89,331,14859
2026-01-02 09:33:42,44.82,347,15553
2026-01-02 09:33:43,44.81,355,15908
2026-01-02 09:33:44,44.81,349,15639
2026-01-02 09:33:45,44.81,326,14608
2026-01-02 09:33:46,44.81,303,13577
2026-01-02 09:33:47,44.88,342,15349
2026-01-02 09:33:48,44.84,349,15649
2026-01-02 09:33:49,44.86,372,16688
2026-01-02 09:33:50,44.88,387,17369
2026-01-02 09:33:51,44.83,342,15332
2026-01-02 09:33:52,44.85,344,15428
2026-01-02 09:33:53,44.82,334,14970
2026-01-02 09:33:54,44.88,344,15439
2026-01-02 09:33:55,45.05,342,15407
2026-01-02 09:33:56,45.12,344,15521
2026-01-02 09:33:57,45.12,317,14303
2026-01-02 09:33:58,45.12,348,15702
2026-01-02 09:33:59,45.12,353,15927
2026-01-02 09:34:00,45.12,311,14032
2026-01-02 09:34:01,45.12,337,15205
2026-01-02 09:34:02,45.12,324,14619
2026-01-02 09:34:03,45.12,312,14077
2026-01-02 09:34:04,45.12,315,14213
2026-01-02 09:34:05,45.12,337,15205
2026-01-02 09:34:06,45.12,335,15115
2026-01-02 09:34:07,45.12,326,14709
2026-01-02 09:34:08,45.12,345,15566
2026-01-02 09:34:09,45.12,331,14935
2026-01-02 09:34:10,45.12,348,15702
2026-01-02 09:34:11,45.12,347,15657
2026-01-02 09:34:12,45.12,330,14890
2026-01-02 09:34:13,45.03,296,13329
2026-01-02 09:34:14,45.00,336,15120
2026-01-02 09:34:15,45.00,354,15930
2026-01-02 09:34:16,44.87,338,15166
2026-01-02 09:34:17,44.92,371,16665
2026-01-02 09:34:18,44.92,293,13162
2026-01-02 09:34:19,44.83,321,14390
2026-01-02 09:34:20,44.84,325,14573
2026-01-02 09:34:21,44.84,318,14259
2026-01-02 09:34:22,44.86,341,15297
2026-01-02 09:34:23,44.94,315,14156
2026-01-02 09:34:24,44.94,318,14291
2026-01-02 09:34:25,44.92,338,15183
2026-01-02 09:34:26,44.92,322,14464
2026-01-02 09:34:27,44.81,346,15504
2026-01-02 09:34:28,44.81,295,13219
2026-01-02 09:34:29,44.81,344,15415
2026-01-02 09:34:30,44.84,320,14349
2026-01-02 09:34:31,44.90,335,15042
2026-01-02 09:34:32,44.95,334,15013
2026-01-02 09:34:33,45.06,330,14870
2026-01-02 09:34:34,45.12,337,15205
2026-01-02 09:34:35,45.12,297,13401
2026-01-02 09:34:36,45.12,364,16424
2026-01-02 09:34:37,45.12,324,14619
2026-01-02 09:34:38,45.12,332,14980
2026-01-02 09:34:39,45.12,317,14303
2026-01-02 09:34:40,45.12,320,14438
2026-01-02 09:34:41,45.12,347,15657
2026-01-02 09:34:42,45.12,317,14303
2026-01-02 09:34:43,45.12,317,14303
2026-01-02 09:34:44,45.12,297,13401
2026-01-02 09:34:45,45.12,348,15702
2026-01-02 09:34:46,45.12,310,13987
2026-01-02 09:34:47,45.12,326,14709
2026-01-02 09:34:48,45.12,334,15070
2026-01-02 09:34:49,45.12,338,15251
2026-01-02 09:34:50,45.12,324,14619
2026-01-02 09:34:51,45.12,330,14890
2026-01-02 09:34:52,45.12,333,15025
2026-01-02 09:34:53,45.12,350,15792
2026-01-02 09:34:54,45.12,346,15612
2026-01-02 09:34:55,45.12,329,14844
2026-01-02 09:34:56,45.12,312,14077
2026-01-02 09:34:57,45.12,343,15476
2026-01-02 09:34:58,45.12,352,15882
2026-01-02 09:34:59,45.12,328,14799
2026-01-02 09:35:00,45.12,327,14754
2026-01-02 09:35:01,45.12,337,15205
2026-01-02 09:35:02,45.12,309,13942
2026-01-02 09:35:03,45.12,304,13716
2026-01-02 09:35:04,45.12,340,15341
2026-01-02 09:35:05,45.12,345,15566
2026-01-02 09:35:06,45.12,363,16379
2026-01-02 09:35:07,45.12,316,14258
2026-01-02 09:35:08,45.12,333,15025
2026-01-02 09:35:09,45.12,323,14574
2026-01-02 09:35:10,45.12,321,14484
2026-01-02 09:35:11,45.12,330,14890
2026-01-02 09:35:12,45.12,344,15521
2026-01-02 09:35:13,45.12,352,15882
2026-01-02 09:35:14,45.12,357,16108
2026-01-02 09:35:15,45.12,336,15160
2026-01-02 09:35:16,45.12,323,14574
2026-01-02 09:35:17,45.12,332,14980
2026-01-02 09:35:18,45.12,313,14123
2026-01-02 09:35:19,45.12,345,15566
2026-01-02 09:35:20,45.12,311,14032
2026-01-02 09:35:21,45.12,322,14529
2026-01-02 09:35:22,45.12,342,15431
2026-01-02 09:35:23,45.12,340,15341
2026-01-02 09:35:24,45.12,347,15657
2026-01-02 09:35:25,45.12,346,15612
2026-01-02 09:35:26,45.12,339,15296
2026-01-02 09:35:27,45.12,314,14168
2026-01-02 09:35:28,45.12,348,15702
2026-01-02 09:35:29,45.12,346,15612
2026-01-02 09:35:30,45.12,365,16469
2026-01-02 09:35:31,45.12,345,15566
2026-01-02 09:35:32,45.12,320,14438
2026-01-02 09:35:33,45.12,306,13807
2026-01-02 09:35:34,45.12,329,14844
2026-01-02 09:35:35,45.12,342,15431
2026-01-02 09:35:36,45.12,292,13175
2026-01-02 09:35:37,45.12,332,14980
2026-01-02 09:35:38,45.12,326,14709
2026-01-02 09:35:39,45.12,362,16333
2026-01-02 09:35:40,45.12,338,15251
2026-01-02 09:35:41,45.12,327,14754
2026-01-02 09:35:42,45.12,329,14844
2026-01-02 09:35:43,45.12,317,14303
2026-01-02 09:35:44,45.12,372,16785
2026-01-02 09:35:45,45.12,313,14123
2026-01-02 09:35:46,45.12,338,15251
2026-01-02 09:35:47,45.12,315,14213
2026-01-02 09:35:48,45.12,311,14032
2026-01-02 09:35:49,45.12,306,13807
2026-01-02 09:35:50,45.12,323,14574
2026-01-02 09:35:51,45.12,321,14484
2026-01-02 09:35:52,45.12,310,13987
2026-01-02 09:35:53,45.12,331,14935
2026-01-02 09:35:54,45.12,345,15566
2026-01-02 09:35:55,45.12,350,15792
2026-01-02 09:35:56,45.12,353,15927
2026-01-02 09:35:57,45.12,335,15115
2026-01-02 09:35:58,45.12,318,14348
2026-01-02 09:35:59,45.12,336,15160
2026-01-02 09:36:00,45.12,331,14935
2026-01-02 09:36:01,45.12,305,13762
2026-01-02 09:36:02,45.12,351,15837
2026-01-02 09:36:03,45.12,316,14258
2026-01-02 09:36:04,45.12,313,14123
2026-01-02 09:36:05,45.12,340,15341
2026-01-02 09:36:06,45.12,325,14664
2026-01-02 09:36:07,45.12,337,15205
2026-01-02 09:36:08,45.12,319,14393
2026-01-02 09:36:09,45.12,335,15115
2026-01-02 09:36:10,45.12,335,15115
2026-01-02 09:36:11,45.12,316,14258
2026-01-02 09:36:12,45.12,332,14980
2026-01-02 09:36:13,45.12,289,13040
2026-01-02 09:36:14,45.12,355,16018
2026-01-02 09:36:15,45.12,348,15702
2026-01-02 09:36:16,45.12,317,14303
2026-01-02 09:36:17,45.12,326,14709
2026-01-02 09:36:18,45.12,345,15566
2026-01-02 09:36:19,45.12,360,16243
2026-01-02 09:36:20,45.12,351,15837
2026-01-02 09:36:21,45.12,314,14168
2026-01-02 09:36:22,45.12,345,15566
2026-01-02 09:36:23,45.12,352,15882
2026-01-02 09:36:24,45.12,332,14980
2026-01-02 09:36:25,45.12,303,13671
2026-01-02 09:36:26,45.12,316,14258
2026-01-02 09:36:27,45.12,353,15927
2026-01-02 09:36:28,45.12,327,14754
2026-01-02 09:36:29,45.12,313,14123
2026-01-02 09:36:30,45.12,322,14529
2026-01-02 09:36:31,45.12,332,14980
2026-01-02 09:36:32,45.12,354,15972
2026-01-02 09:36:33,45.12,306,13807
2026-01-02 09:36:34,45.12,326,14709
2026-01-02 09:36:35,45.12,305,13762
2026-01-02 09:36:36,45.12,323,14574
2026-01-02 09:36:37,45.12,318,14348
2026-01-02 09:36:38,45.12,325,14664
2026-01-02 09:36:39,45.12,349,15747
2026-01-02 09:36:40,45.12,353,15927
2026-01-02 09:36:41,45.12,337,15205
2026-01-02 09:36:42,45.12,321,14484
2026-01-02 09:36:43,45.12,345,15566
2026-01-02 09:36:44,45.12,357,16108
2026-01-02 09:36:45,45.12,344,15521
2026-01-02 09:36:46,45.12,339,15296
2026-01-02 09:36:47,45.12,299,13491
2026-01-02 09:36:48,45.12,314,14168
2026-01-02 09:36:49,45.12,325,14664
2026-01-02 09:36:50,45.12,296,13356
2026-01-02 09:36:51,45.12,321,14484
2026-01-02 09:36:52,45.12,315,14213
2026-01-02 09:36:53,45.12,336,15160
2026-01-02 09:36:54,45.12,319,14393
2026-01-02 09:36:55,45.12,318,14348
2026-01-02 09:36:56,45.12,358,16153
2026-01-02 09:36:57,45.12,355,16018
2026-01-02 09:36:58,45.12,333,15025
2026-01-02 09:36:59,45.12,308,13897
2026-01-02 09:37:00,45.12,340,15341
2026-01-02 09:37:01,45.12,313,14123
2026-01-02 09:37:02,45.12,340,15341
2026-01-02 09:37:03,45.12,355,16018
2026-01-02 09:37:04,45.12,339,15296
2026-01-02 09:37:05,45.12,346,15612
2026-01-02 09:37:06,45.12,319,14393
2026-01-02 09:37:07,45.12,325,14664
2026-01-02 09:37:08,45.12,315,14213
2026-01-02 09:37:09,45.12,313,14123
2026-01-02 09:37:10,45.12,322,14529
2026-01-02 09:37:11,45.12,342,15431
2026-01-02 09:37:12,45.12,326,14709
2026-01-02 09:37:13,45.12,354,15972
2026-01-02 09:37:14,45.12,312,14077
2026-01-02 09:37:15,45.12,335,15115
2026-01-02 09:37:16,45.12,304,13716
2026-01-02 09:37:17,45.12,337,15205
2026-01-02 09:37:18,45.12,333,15025
2026-01-02 09:37:19,45.12,301,13581
2026-01-02 09:37:20,45.12,337,15205
2026-01-02 09:37:21,45.12,335,15115
2026-01-02 09:37:22,45.12,337,15205
2026-01-02 09:37:23,45.12,345,15566
2026-01-02 09:37:24,45.12,346,15612
2026-01-02 09:37:25,45.12,322,14529
2026-01-02 09:37:26,45.12,321,14484
2026-01-02 09:37:27,45.12,343,15476
2026-01-02 09:37:28,45.12,325,14664
2026-01-02 09:37:29,45.12,288,12995
2026-01-02 09:37:30,45.12,348,15702
2026-01-02 09:37:31,45.12,322,14529
2026-01-02 09:37:32,45.12,326,14709
2026-01-02 09:37:33,45.12,340,15341
2026-01-02 09:37:34,45.12,293,13220
2026-01-02 09:37:35,45.12,323,14574
2026-01-02 09:37:36,45.12,348,15702
2026-01-02 09:37:37,45.12,298,13446
2026-01-02 09:37:38,45.12,300,13536
2026-01-02 09:37:39,45.12,346,15612
2026-01-02 09:37:40,45.12,282,12724
2026-01-02 09:37:41,45.12,330,14890
2026-01-02 09:37:42,45.12,316,14258
2026-01-02 09:37:43,45.12,317,14303
2026-01-02 09:37:44,45.12,329,14844
2026-01-02 09:37:45,45.12,307,13852
2026-01-02 09:37:46,45.12,323,14574
2026-01-02 09:37:47,45.12,326,14709
2026-01-02 09:37:48,45.12,329,14844
2026-01-02 09:37:49,45.12,345,15566
2026-01-02 09:37:50,45.12,330,14890
2026-01-02 09:37:51,45.12,333,15025
2026-01-02 09:37:52,45.12,302,13626
2026-01-02 09:37:53,45.12,314,14168
2026-01-02 09:37:54,45.12,340,15341
2026-01-02 09:37:55,45.12,311,14032
2026-01-02 09:37:56,45.12,350,15792
2026-01-02 09:37:57,45.12,342,15431
2026-01-02 09:37:58,45.12,352,15882
2026-01-02 09:37:59,45.12,276,12453
2026-01-02 09:38:00,45.12,324,14619
2026-01-02 09:38:01,45.12,297,13401
2026-01-02 09:38:02,45.12,343,15476
2026-01-02 09:38:03,45.12,314,14168
2026-01-02 09:38:04,45.12,331,14935
2026-01-02 09:38:05,45.12,344,15521
2026-01-02 09:38:06,45.12,320,14438
2026-01-02 09:38:07,45.12,302,13626
2026-01-02 09:38:08,45.12,333,15025
2026-01-02 09:38:09,45.12,340,15341
2026-01-02 09:38:10,45.12,297,13401
2026-01-02 09:38:11,45.12,336,15160
2026-01-02 09:38:12,45.12,318,14348
2026-01-02 09:38:13,45.12,306,13807
2026-01-02 09:38:14,45.12,348,15702
2026-01-02 09:38:15,45.12,329,14844
2026-01-02 09:38:16,45.12,288,12995
2026-01-02 09:38:17,45.12,335,15115
2026-01-02 09:38:18,45.12,319,14393
2026-01-02 09:38:19,45.12,297,13401
2026-01-02 09:38:20,45.12,306,13807
2026-01-02 09:38:21,45.12,339,15296
2026-01-02 09:38:22,45.12,327,14754
2026-01-02 09:38:23,45.12,342,15431
2026-01-02 09:38:24,45.12,329,14844
2026-01-02 09:38:25,45.12,314,14168
2026-01-02 09:38:26,45.12,338,15251
2026-01-02 09:38:27,45.12,311,14032
2026-01-02 09:38:28,45.12,332,14980
2026-01-02 09:38:29,45.12,349,15747
2026-01-02 09:38:30,45.12,325,14664
2026-01-02 09:38:31,45.12,288,12995
2026-01-02 09:38:32,45.12,298,13446
2026-01-02 09:38:33,45.12,298,13446
2026-01-02 09:38:34,45.12,332,14980
2026-01-02 09:38:35,45.12,303,13671
2026-01-02 09:38:36,45.12,321,14484
2026-01-02 09:38:37,45.12,322,14529
2026-01-02 09:38:38,45.12,365,16469
2026-01-02 09:38:39,45.12,331,14935
2026-01-02 09:38:40,45.12,302,13626
2026-01-02 09:38:41,45.12,307,13852
2026-01-02 09:38:42,45.12,324,14619
2026-01-02 09:38:43,45.12,333,15025
2026-01-02 09:38:44,45.12,340,15341
2026-01-02 09:38:45,45.12,314,14168
2026-01-02 09:38:46,45.12,301,13581
2026-01-02 09:38:47,45.12,305,13762
2026-01-02 09:38:48,45.12,301,13581
2026-01-02 09:38:49,45.12,302,13626
2026-01-02 09:38:50,45.12,310,13987
2026-01-02 09:38:51,45.12,317,14303
2026-01-02 09:38:52,45.12,329,14844
2026-01-02 09:38:53,45.12,317,14303
2026-01-02 09:38:54,45.12,308,13897
2026-01-02 09:38:55,45.12,329,14844
2026-01-02 09:38:56,45.12,304,13716
2026-01-02 09:38:57,45.12,333,15025
2026-01-02 09:38:58,45.12,308,13897
2026-01-02 09:38:59,45.12,336,15160
2026-01-02 09:39:00,45.12,319,14393
2026-01-02 09:39:01,45.12,327,14754
2026-01-02 09:39:02,45.12,322,14529
2026-01-02 09:39:03,45.12,330,14890
2026-01-02 09:39:04,45.12,325,14664
2026-01-02 09:39:05,45.12,336,15160
2026-01-02 09:39:06,45.12,322,14529
2026-01-02 09:39:07,45.12,333,15025
2026-01-02 09:39:08,45.12,307,13852
2026-01-02 09:39:09,45.12,323,14574
2026-01-02 09:39:10,45.12,310,13987
2026-01-02 09:39:11,45.12,295,13310
2026-01-02 09:39:12,45.12,305,13762
2026-01-02 09:39:13,45.12,333,15025
2026-01-02 09:39:14,45.12,336,15160
2026-01-02 09:39:15,45.12,338,15251
2026-01-02 09:39:16,45.12,319,14393
2026-01-02 09:39:17,45.12,348,15702
2026-01-02 09:39:18,45.12,356,16063
2026-01-02 09:39:19,45.12,304,13716
2026-01-02 09:39:20,45.12,317,14303
2026-01-02 09:39:21,45.12,285,12859
2026-01-02 09:39:22,45.12,324,14619
2026-01-02 09:39:23,45.12,317,14303
2026-01-02 09:39:24,45.12,343,15476
2026-01-02 09:39:25,45.12,306,13807
2026-01-02 09:39:26,45.12,321,14484
2026-01-02 09:39:27,45.12,333,15025
2026-01-02 09:39:28,45.12,322,14529
2026-01-02 09:39:29,45.12,299,13491
2026-01-02 09:39:30,45.12,319,14393
2026-01-02 09:39:31,45.12,287,12949
2026-01-02 09:39:32,45.12,311,14032
2026-01-02 09:39:33,45.12,307,13852
2026-01-02 09:39:34,45.12,329,14844
2026-01-02 09:39:35,45.12,338,15251
2026-01-02 09:39:36,45.12,289,13040
2026-01-02 09:39:37,45.12,326,14709
2026-01-02 09:39:38,45.12,308,13897
2026-01-02 09:39:39,45.12,315,14213
2026-01-02 09:39:40,45.12,313,14123
2026-01-02 09:39:41,45.12,342,15431
2026-01-02 09:39:42,45.12,293,13220
2026-01-02 09:39:43,45.12,329,14844
2026-01-02 09:39:44,45.12,283,12769
2026-01-02 09:39:45,45.12,304,13716
2026-01-02 09:39:46,45.12,292,13175
2026-01-02 09:39:47,45.12,303,13671
2026-01-02 09:39:48,45.12,331,14935
2026-01-02 09:39:49,45.12,311,14032
2026-01-02 09:39:50,45.12,274,12363
2026-01-02 09:39:51,45.12,320,14438
2026-01-02 09:39:52,45.12,293,13220
2026-01-02 09:39:53,45.12,340,15341
2026-01-02 09:39:54,45.12,330,14890
2026-01-02 09:39:55,45.12,345,15566
2026-01-02 09:39:56,45.12,304,13716
2026-01-02 09:39:57,45.12,340,15341
2026-01-02 09:39:58,45.12,320,14438
2026-01-02 09:39:59,45.12,325,14664
2026-01-02 09:40:00,45.12,342,15431
2026-01-02 09:40:01,45.12,324,14619
2026-01-02 09:40:02,45.12,323,14574
2026-01-02 09:40:03,45.12,338,15251
2026-01-02 09:40:04,45.12,332,14980
2026-01-02 09:40:05,45.12,313,14123
2026-01-02 09:40:06,45.12,316,14258
2026-01-02 09:40:07,45.12,317,14303
2026-01-02 09:40:08,45.12,334,15070
2026-01-02 09:40:09,45.12,324,14619
2026-01-02 09:40:10,45.12,337,15205
2026-01-02 09:40:11,45.12,309,13942
2026-01-02 09:40:12,45.12,293,13220
2026-01-02 09:40:13,45.12,306,13807
2026-01-02 09:40:14,45.12,325,14664
2026-01-02 09:40:15,45.12,319,14393
2026-01-02 09:40:16,45.12,332,14980
2026-01-02 09:40:17,45.12,326,14709
2026-01-02 09:40:18,45.12,313,14123
2026-01-02 09:40:19,45.12,328,14799
2026-01-02 09:40:20,45.12,337,15205
2026-01-02 09:40:21,45.12,336,15160
2026-01-02 09:40:22,45.12,291,13130
2026-01-02 09:40:23,45.12,334,15070
2026-01-02 09:40:24,45.12,348,15702
2026-01-02 09:40:25,45.12,308,13897
2026-01-02 09:40:26,45.12,332,14980
2026-01-02 09:40:27,45.12,323,14574
2026-01-02 09:40:28,45.12,330,14890
2026-01-02 09:40:29,45.12,321,14484
2026-01-02 09:40:30,45.12,294,13265
2026-01-02 09:40:31,45.12,313,14123
2026-01-02 09:40:32,45.12,292,13175
2026-01-02 09:40:33,45.12,346,15612
2026-01-02 09:40:34,45.12,291,13130
2026-01-02 09:40:35,45.12,343,15476
2026-01-02 09:40:36,45.12,318,14348
2026-01-02 09:40:37,45.12,334,15070
2026-01-02 09:40:38,45.12,292,13175
2026-01-02 09:40:39,45.12,321,14484
2026-01-02 09:40:40,45.12,322,14529
2026-01-02 09:40:41,45.12,286,12904
2026-01-02 09:40:42,45.12,287,12949
2026-01-02 09:40:43,45.12,308,13897
2026-01-02 09:40:44,45.12,319,14393
2026-01-02 09:40:45,45.12,324,14619
2026-01-02 09:40:46,45.12,321,14484
2026-01-02 09:40:47,45.12,317,14303
2026-01-02 09:40:48,45.12,303,13671
2026-01-02 09:40:49,45.12,329,14844
2026-01-02 09:40:50,45.12,315,14213
2026-01-02 09:40:51,45.12,316,14258
2026-01-02 09:40:52,45.12,298,13446
2026-01-02 09:40:53,45.12,313,14123
2026-01-02 09:40:54,45.12,328,14799
2026-01-02 09:40:55,45.12,334,15070
2026-01-02 09:40:56,45.12,310,13987
2026-01-02 09:40:57,45.12,281,12679
2026-01-02 09:40:58,45.12,333,15025
2026-01-02 09:40:59,45.12,300,13536
2026-01-02 09:41:00,45.12,284,12814
2026-01-02 09:41:01,45.12,320,14438
2026-01-02 09:41:02,45.12,298,13446
2026-01-02 09:41:03,45.12,321,14484
2026-01-02 09:41:04,45.12,316,14258
2026-01-02 09:41:05,45.12,322,14529
2026-01-02 09:41:06,45.12,328,14799
2026-01-02 09:41:07,45.12,314,14168
2026-01-02 09:41:08,45.12,289,13040
2026-01-02 09:41:09,45.12,294,13265
2026-01-02 09:41:10,45.12,332,14980
2026-01-02 09:41:11,45.12,308,13897
2026-01-02 09:41:12,45.12,320,14438
2026-01-02 09:41:13,45.12,297,13401
2026-01-02 09:41:14,45.12,330,14890
2026-01-02 09:41:15,45.12,317,14303
2026-01-02 09:41:16,45.12,301,13581
2026-01-02 09:41:17,45.12,288,12995
2026-01-02 09:41:18,45.12,303,13671
2026-01-02 09:41:19,45.12,297,13401
2026-01-02 09:41:20,45.12,328,14799
2026-01-02 09:41:21,45.12,310,13987
2026-01-02 09:41:22,45.12,293,13220
2026-01-02 09:41:23,45.12,311,14032
2026-01-02 09:41:24,45.12,310,13987
2026-01-02 09:41:25,45.12,317,14303
2026-01-02 09:41:26,45.12,332,14980
2026-01-02 09:41:27,45.12,298,13446
2026-01-02 09:41:28,45.12,288,12995
2026-01-02 09:41:29,45.12,309,13942
2026-01-02 09:41:30,45.12,289,13040
2026-01-02 09:41:31,45.12,301,13581
2026-01-02 09:41:32,45.12,286,12904
2026-01-02 09:41:33,45.12,323,14574
2026-01-02 09:41:34,45.12,300,13536
2026-01-02 09:41:35,45.12,321,14484
2026-01-02 09:41:36,45.12,299,13491
2026-01-02 09:41:37,45.12,310,13987
2026-01-02 09:41:38,45.12,312,14077
2026-01-02 09:41:39,45.12,322,14529
2026-01-02 09:41:40,45.12,300,13536
2026-01-02 09:41:41,45.12,331,14935
2026-01-02 09:41:42,45.12,314,14168
2026-01-02 09:41:43,45.12,328,14799
2026-01-02 09:41:44,45.12,321,14484
2026-01-02 09:41:45,45.12,299,13491
2026-01-02 09:41:46,45.12,328,14799
2026-01-02 09:41:47,45.12,305,13762
2026-01-02 09:41:48,45.12,318,14348
2026-01-02 09:41:49,45.12,315,14213
2026-01-02 09:41:50,45.12,301,13581
2026-01-02 09:41:51,45.12,291,13130
2026-01-02 09:41:52,45.12,306,13807
2026-01-02 09:41:53,45.12,317,14303
2026-01-02 09:41:54,45.12,313,14123
2026-01-02 09:41:55,45.12,324,14619
2026-01-02 09:41:56,45.12,337,15205
2026-01-02 09:41:57,45.12,302,13626
2026-01-02 09:41:58,45.12,286,12904
2026-01-02 09:41:59,45.12,312,14077
2026-01-02 09:42:00,45.12,324,14619
2026-01-02 09:42:01,45.12,287,12949
2026-01-02 09:42:02,45.12,305,13762
2026-01-02 09:42:03,45.12,289,13040
2026-01-02 09:42:04,45.12,300,13536
2026-01-02 09:42:05,45.12,279,12588
2026-01-02 09:42:06,45.12,339,15296
2026-01-02 09:42:07,45.12,309,13942
2026-01-02 09:42:08,45.12,303,13671
2026-01-02 09:42:09,45.12,322,14529
2026-01-02 09:42:10,45.12,318,14348
2026-01-02 09:42:11,45.12,301,13581
2026-01-02 09:42:12,45.12,300,13536
2026-01-02 09:42:13,45.12,280,12634
2026-01-02 09:42:14,45.12,321,14484
2026-01-02 09:42:15,45.12,319,14393
2026-01-02 09:42:16,45.12,313,14123
2026-01-02 09:42:17,45.12,328,14799
2026-01-02 09:42:18,45.12,314,14168
2026-01-02 09:42:19,45.12,302,13626
2026-01-02 09:42:20,45.12,284,12814
2026-01-02 09:42:21,45.12,324,14619
2026-01-02 09:42:22,45.12,302,13626
2026-01-02 09:42:23,45.12,304,13716
2026-01-02 09:42:24,45.12,303,13671
2026-01-02 09:42:25,45.12,308,13897
2026-01-02 09:42:26,45.12,317,14303
2026-01-02 09:42:27,45.12,337,15205
2026-01-02 09:42:28,45.12,313,14123
2026-01-02 09:42:29,45.12,302,13626
2026-01-02 09:42:30,45.12,311,14032
2026-01-02 09:42:31,45.12,264,11912
2026-01-02 09:42:32,45.12,308,13897
2026-01-02 09:42:33,45.12,308,13897
2026-01-02 09:42:34,45.12,300,13536
2026-01-02 09:42:35,45.12,310,13987
2026-01-02 09:42:36,45.12,303,13671
2026-01-02 09:42:37,45.12,285,12859
2026-01-02 09:42:38,45.12,329,14844
2026-01-02 09:42:39,45.12,307,13852
2026-01-02 09:42:40,45.12,309,13942
2026-01-02 09:42:41,45.12,307,13852
2026-01-02 09:42:42,45.12,325,14664
2026-01-02 09:42:43,45.12,318,14348
2026-01-02 09:42:44,45.12,333,15025
2026-01-02 09:42:45,45.12,302,13626
2026-01-02 09:42:46,45.12,289,13040
2026-01-02 09:42:47,45.12,298,13446
2026-01-02 09:42:48,45.12,295,13310
2026-01-02 09:42:49,45.12,309,13942
2026-01-02 09:42:50,45.12,277,12498
2026-01-02 09:42:51,45.12,312,14077
2026-01-02 09:42:52,45.12,324,14619
2026-01-02 09:42:53,45.12,282,12724
2026-01-02 09:42:54,45.12,319,14393
2026-01-02 09:42:55,45.12,302,13626
2026-01-02 09:42:56,45.12,317,14303
2026-01-02 09:42:57,45.12,330,14890
2026-01-02 09:42:58,45.12,325,14664
2026-01-02 09:42:59,45.12,353,15927
2026-01-02 09:43:00,45.12,339,15296
2026-01-02 09:43:01,45.12,289,13040
2026-01-02 09:43:02,45.12,306,13807
2026-01-02 09:43:03,45.12,329,14844
2026-01-02 09:43:04,45.12,314,14168
2026-01-02 09:43:05,45.12,281,12679
2026-01-02 09:43:06,45.12,319,14393
2026-01-02 09:43:07,45.12,310,13987
2026-01-02 09:43:08,45.12,290,13085
2026-01-02 09:43:09,45.12,271,12228
2026-01-02 09:43:10,45.12,314,14168
2026-01-02 09:43:11,45.12,327,14754
2026-01-02 09:43:12,45.12,284,12814
2026-01-02 09:43:13,45.12,318,14348
2026-01-02 09:43:14,45.12,303,13671
2026-01-02 09:43:15,45.12,341,15386
2026-01-02 09:43:16,45.12,313,14123
2026-01-02 09:43:17,45.12,285,12859
2026-01-02 09:43:18,45.12,300,13536
2026-01-02 09:43:19,45.12,323,14574
2026-01-02 09:43:20,45.12,312,14077
2026-01-02 09:43:21,45.12,305,13762
2026-01-02 09:43:22,45.12,307,13852
2026-01-02 09:43:23,45.12,279,12588
2026-01-02 09:43:24,45.12,287,12949
2026-01-02 09:43:25,45.12,274,12363
2026-01-02 09:43:26,45.12,315,14213
2026-01-02 09:43:27,45.12,324,14619
2026-01-02 09:43:28,45.12,313,14123
2026-01-02 09:43:29,45.12,342,15431
2026-01-02 09:43:30,45.12,299,13491
2026-01-02 09:43:31,45.12,298,13446
2026-01-02 09:43:32,45.12,304,13716
2026-01-02 09:43:33,45.12,292,13175
2026-01-02 09:43:34,45.12,322,14529
2026-01-02 09:43:35,45.12,335,15115
2026-01-02 09:43:36,45.12,315,14213
2026-01-02 09:43:37,45.12,312,14077
2026-01-02 09:43:38,45.12,268,12092
2026-01-02 09:43:39,45.12,301,13581
2026-01-02 09:43:40,45.12,289,13040
2026-01-02 09:43:41,45.12,297,13401
2026-01-02 09:43:42,45.12,316,14258
2026-01-02 09:43:43,45.12,304,13716
2026-01-02 09:43:44,45.12,294,13265
2026-01-02 09:43:45,45.12,309,13942
2026-01-02 09:43:46,45.12,313,14123
2026-01-02 09:43:47,45.12,312,14077
2026-01-02 09:43:48,45.12,318,14348
2026-01-02 09:43:49,45.12,308,13897
2026-01-02 09:43:50,45.12,276,12453
2026-01-02 09:43:51,45.12,321,14484
2026-01-02 09:43:52,45.12,300,13536
2026-01-02 09:43:53,45.12,303,13671
2026-01-02 09:43:54,45.12,305,13762
2026-01-02 09:43:55,45.12,303,13671
2026-01-02 09:43:56,45.12,296,13356
2026-01-02 09:43:57,45.12,289,13040
2026-01-02 09:43:58,45.12,296,13356
2026-01-02 09:43:59,45.12,282,12724
2026-01-02 09:44:00,45.12,330,14890
2026-01-02 09:44:01,45.12,270,12182
2026-01-02 09:44:02,45.12,291,13130
2026-01-02 09:44:03,45.12,308,13897
2026-01-02 09:44:04,45.12,295,13310
2026-01-02 09:44:05,45.12,317,14303
2026-01-02 09:44:06,45.12,287,12949
2026-01-02 09:44:07,45.12,327,14754
2026-01-02 09:44:08,45.12,290,13085
2026-01-02 09:44:09,45.12,277,12498
2026-01-02 09:44:10,45.12,329,14844
2026-01-02 09:44:11,45.12,275,12408
2026-01-02 09:44:12,45.12,315,14213
2026-01-02 09:44:13,45.12,319,14393
2026-01-02 09:44:14,45.12,292,13175
2026-01-02 09:44:15,45.12,304,13716
2026-01-02 09:44:16,45.12,270,12182
2026-01-02 09:44:17,45.12,300,13536
2026-01-02 09:44:18,45.12,272,12273
2026-01-02 09:44:19,45.12,317,14303
2026-01-02 09:44:20,45.12,303,13671
2026-01-02 09:44:21,45.12,292,13175
2026-01-02 09:44:22,45.12,306,13807
2026-01-02 09:44:23,45.12,287,12949
2026-01-02 09:44:24,45.12,287,12949
2026-01-02 09:44:25,45.12,292,13175
2026-01-02 09:44:26,45.12,308,13897
2026-01-02 09:44:27,45.12,313,14123
2026-01-02 09:44:28,45.12,307,13852
2026-01-02 09:44:29,45.12,287,12949
2026-01-02 09:44:30,45.12,312,14077
2026-01-02 09:44:31,45.12,318,14348
2026-01-02 09:44:32,45.12,280,12634
2026-01-02 09:44:33,45.12,294,13265
2026-01-02 09:44:34,45.12,290,13085
2026-01-02 09:44:35,45.12,316,14258
2026-01-02 09:44:36,45.12,292,13175
2026-01-02 09:44:37,45.12,327,14754
2026-01-02 09:44:38,45.12,282,12724
2026-01-02 09:44:39,45.12,277,12498
2026-01-02 09:44:40,45.12,320,14438
2026-01-02 09:44:41,45.12,311,14032
2026-01-02 09:44:42,45.12,302,13626
2026-01-02 09:44:43,45.12,300,13536
2026-01-02 09:44:44,45.12,294,13265
2026-01-02 09:44:45,45.12,305,13762
2026-01-02 09:44:46,45.12,309,13942
2026-01-02 09:44:47,45.12,278,12543
2026-01-02 09:44:48,45.12,297,13401
2026-01-02 09:44:49,45.12,316,14258
2026-01-02 09:44:50,45.12,286,12904
2026-01-02 09:44:51,45.12,305,13762
2026-01-02 09:44:52,45.12,294,13265
2026-01-02 09:44:53,45.12,293,13220
2026-01-02 09:44:54,45.12,287,12949
2026-01-02 09:44:55,45.12,291,13130
2026-01-02 09:44:56,45.12,280,12634
2026-01-02 09:44:57,45.12,302,13626
2026-01-02 09:44:58,45.12,278,12543
2026-01-02 09:44:59,45.12,318,14348
2026-01-02 09:45:00,45.12,294,13265
2026-01-02 09:45:01,45.12,338,15251
2026-01-02 09:45:02,45.12,295,13310
2026-01-02 09:45:03,45.12,315,14213
2026-01-02 09:45:04,45.12,300,13536
2026-01-02 09:45:05,45.12,291,13130
2026-01-02 09:45:06,45.12,299,13491
2026-01-02 09:45:07,45.12,297,13401
2026-01-02 09:45:08,45.12,314,14168
2026-01-02 09:45:09,45.12,281,12679
2026-01-02 09:45:10,45.12,292,13175
2026-01-02 09:45:11,45.12,297,13401
2026-01-02 09:45:12,45.12,268,12092
2026-01-02 09:45:13,45.12,308,13897
2026-01-02 09:45:14,45.12,289,13040
2026-01-02 09:45:15,45.12,282,12724
2026-01-02 09:45:16,45.12,291,13130
2026-01-02 09:45:17,45.12,293,13220
2026-01-02 09:45:18,45.12,307,13852
2026-01-02 09:45:19,45.12,310,13987
2026-01-02 09:45:20,45.12,277,12498
2026-01-02 09:45:21,45.12,285,12859
2026-01-02 09:45:22,45.12,309,13942
2026-01-02 09:45:23,45.12,278,12543
2026-01-02 09:45:24,45.12,274,12363
2026-01-02 09:45:25,45.12,296,13356
2026-01-02 09:45:26,45.12,279,12588
2026-01-02 09:45:27,45.12,301,13581
2026-01-02 09:45:28,45.12,290,13085
2026-01-02 09:45:29,45.12,297,13401
2026-01-02 09:45:30,45.12,320,14438
2026-01-02 09:45:31,45.12,308,13897
2026-01-02 09:45:32,45.12,303,13671
2026-01-02 09:45:33,45.12,293,13220
2026-01-02 09:45:34,45.12,320,14438
2026-01-02 09:45:35,45.12,284,12814
2026-01-02 09:45:36,45.12,296,13356
2026-01-02 09:45:37,45.12,286,12904
2026-01-02 09:45:38,45.12,299,13491
2026-01-02 09:45:39,45.12,298,13446
2026-01-02 09:45:40,45.12,309,13942
2026-01-02 09:45:41,45.12,306,13807
2026-01-02 09:45:42,45.12,275,12408
2026-01-02 09:45:43,45.12,273,12318
2026-01-02 09:45:44,45.12,309,13942
2026-01-02 09:45:45,45.12,315,14213
2026-01-02 09:45:46,45.12,310,13987
2026-01-02 09:45:47,45.12,286,12904
2026-01-02 09:45:48,45.12,290,13085
2026-01-02 09:45:49,45.12,308,13897
2026-01-02 09:45:50,45.12,303,13671
2026-01-02 09:45:51,45.12,296,13356
2026-01-02 09:45:52,45.12,293,13220
2026-01-02 09:45:53,45.12,315,14213
2026-01-02 09:45:54,45.12,308,13897
2026-01-02 09:45:55,45.12,320,14438
2026-01-02 09:45:56,45.12,278,12543
2026-01-02 09:45:57,45.12,296,13356
2026-01-02 09:45:58,45.12,277,12498
2026-01-02 09:45:59,45.12,303,13671
2026-01-02 09:46:00,45.12,325,14664
2026-01-02 09:46:01,45.12,326,14709
2026-01-02 09:46:02,45.12,302,13626
2026-01-02 09:46:03,45.12,315,14213
2026-01-02 09:46:04,45.12,327,14754
2026-01-02 09:46:05,45.12,304,13716
2026-01-02 09:46:06,45.12,290,13085
2026-01-02 09:46:07,45.12,303,13671
2026-01-02 09:46:08,45.12,297,13401
2026-01-02 09:46:09,45.12,298,13446
2026-01-02 09:46:10,45.12,283,12769
2026-01-02 09:46:11,45.12,313,14123
2026-01-02 09:46:12,45.12,316,14258
2026-01-02 09:46:13,45.12,313,14123
2026-01-02 09:46:14,45.12,282,12724
2026-01-02 09:46:15,45.12,291,13130
2026-01-02 09:46:16,45.12,291,13130
2026-01-02 09:46:17,45.12,270,12182
2026-01-02 09:46:18,45.12,288,12995
2026-01-02 09:46:19,45.12,314,14168
2026-01-02 09:46:20,45.12,302,13626
2026-01-02 09:46:21,45.12,310,13987
2026-01-02 09:46:22,45.12,281,12679
2026-01-02 09:46:23,45.12,254,11460
2026-01-02 09:46:24,45.12,266,12002
2026-01-02 09:46:25,45.12,304,13716
2026-01-02 09:46:26,45.12,246,11100
2026-01-02 09:46:27,45.12,296,13356
2026-01-02 09:46:28,45.12,285,12859
2026-01-02 09:46:29,45.12,293,13220
2026-01-02 09:46:30,45.12,326,14709
2026-01-02 09:46:31,45.12,274,12363
2026-01-02 09:46:32,45.12,285,12859
2026-01-02 09:46:33,45.12,284,12814
2026-01-02 09:46:34,45.12,313,14123
2026-01-02 09:46:35,45.12,274,12363
2026-01-02 09:46:36,45.12,265,11957
2026-01-02 09:46:37,45.12,293,13220
2026-01-02 09:46:38,45.12,324,14619
2026-01-02 09:46:39,45.12,282,12724
2026-01-02 09:46:40,45.12,283,12769
2026-01-02 09:46:41,45.12,277,12498
2026-01-02 09:46:42,45.12,312,14077
2026-01-02 09:46:43,45.12,276,12453
2026-01-02 09:46:44,45.12,284,12814
2026-01-02 09:46:45,45.12,280,12634
2026-01-02 09:46:46,45.12,268,12092
2026-01-02 09:46:47,45.12,286,12904
2026-01-02 09:46:48,45.12,289,13040
2026-01-02 09:46:49,45.12,275,12408
2026-01-02 09:46:50,45.12,287,12949
2026-01-02 09:46:51,45.12,296,13356
2026-01-02 09:46:52,45.12,330,14890
2026-01-02 09:46:53,45.12,311,14032
2026-01-02 09:46:54,45.12,267,12047
2026-01-02 09:46:55,45.12,268,12092
2026-01-02 09:46:56,45.12,283,12769
2026-01-02 09:46:57,45.12,306,13807
2026-01-02 09:46:58,45.12,313,14123
2026-01-02 09:46:59,45.12,275,12408
2026-01-02 09:47:00,45.12,306,13807
2026-01-02 09:47:01,45.12,322,14529
2026-01-02 09:47:02,45.12,306,13807
2026-01-02 09:47:03,45.12,289,13040
2026-01-02 09:47:04,45.12,281,12679
2026-01-02 09:47:05,45.12,296,13356
2026-01-02 09:47:06,45.12,287,12949
2026-01-02 09:47:07,45.12,260,11731
2026-01-02 09:47:08,45.12,320,14438
2026-01-02 09:47:09,45.12,306,13807
2026-01-02 09:47:10,45.12,277,12498
2026-01-02 09:47:11,45.12,269,12137
2026-01-02 09:47:12,45.12,294,13265
2026-01-02 09:47:13,45.12,292,13175
2026-01-02 09:47:14,45.12,292,13175
2026-01-02 09:47:15,45.12,279,12588
2026-01-02 09:47:16,45.12,303,13671
2026-01-02 09:47:17,45.12,289,13040
2026-01-02 09:47:18,45.12,273,12318
2026-01-02 09:47:19,45.12,303,13671
2026-01-02 09:47:20,45.12,272,12273
2026-01-02 09:47:21,45.12,275,12408
2026-01-02 09:47:22,45.12,315,14213
2026-01-02 09:47:23,45.12,290,13085
2026-01-02 09:47:24,45.12,267,12047
2026-01-02 09:47:25,45.12,282,12724
2026-01-02 09:47:26,45.12,291,13130
2026-01-02 09:47:27,45.12,287,12949
2026-01-02 09:47:28,45.12,281,12679
2026-01-02 09:47:29,45.12,322,14529
2026-01-02 09:47:30,45.12,281,12679
2026-01-02 09:47:31,45.12,298,13446
2026-01-02 09:47:32,45.12,321,14484
2026-01-02 09:47:33,45.12,334,15070
2026-01-02 09:47:34,45.12,315,14213
2026-01-02 09:47:35,45.12,303,13671
2026-01-02 09:47:36,45.12,284,12814
2026-01-02 09:47:37,45.12,270,12182
2026-01-02 09:47:38,45.12,285,12859
2026-01-02 09:47:39,45.12,272,12273
2026-01-02 09:47:40,45.12,289,13040
2026-01-02 09:47:41,45.12,264,11912
2026-01-02 09:47:42,45.12,302,13626
2026-01-02 09:47:43,45.12,285,12859
2026-01-02 09:47:44,45.12,298,13446
2026-01-02 09:47:45,45.12,320,14438
2026-01-02 09:47:46,45.12,290,13085
2026-01-02 09:47:47,45.12,299,13491
2026-01-02 09:47:48,45.12,303,13671
2026-01-02 09:47:49,45.12,312,14077
2026-01-02 09:47:50,45.12,272,12273
2026-01-02 09:47:51,45.12,295,13310
2026-01-02 09:47:52,45.12,275,12408
2026-01-02 09:47:53,45.12,277,12498
2026-01-02 09:47:54,45.12,299,13491
2026-01-02 09:47:55,45.12,299,13491
2026-01-02 09:47:56,45.12,276,12453
2026-01-02 09:47:57,45.12,274,12363
2026-01-02 09:47:58,45.12,281,12679
2026-01-02 09:47:59,45.12,306,13807
2026-01-02 09:48:00,45.12,285,12859
2026-01-02 09:48:01,45.12,288,12995
2026-01-02 09:48:02,45.12,272,12273
2026-01-02 09:48:03,45.12,300,13536
2026-01-02 09:48:04,45.12,327,14754
2026-01-02 09:48:05,45.12,299,13491
2026-01-02 09:48:06,45.12,240,10829
2026-01-02 09:48:07,45.12,286,12904
2026-01-02 09:48:08,45.12,310,13987
2026-01-02 09:48:09,45.12,281,12679
2026-01-02 09:48:10,45.12,281,12679
2026-01-02 09:48:11,45.12,304,13716
2026-01-02 09:48:12,45.12,310,13987
2026-01-02 09:48:13,45.12,282,12724
2026-01-02 09:48:14,45.12,293,13220
2026-01-02 09:48:15,45.12,293,13220
2026-01-02 09:48:16,45.12,297,13401
2026-01-02 09:48:17,45.12,262,11821
2026-01-02 09:48:18,45.12,298,13446
2026-01-02 09:48:19,45.12,310,13987
2026-01-02 09:48:20,45.12,298,13446
2026-01-02 09:48:21,45.12,286,12904
2026-01-02 09:48:22,45.12,298,13446
2026-01-02 09:48:23,45.12,259,11686
2026-01-02 09:48:24,45.12,280,12634
2026-01-02 09:48:25,45.12,277,12498
2026-01-02 09:48:26,45.12,305,13762
2026-01-02 09:48:27,45.12,324,14619
2026-01-02 09:48:28,45.12,309,13942
2026-01-02 09:48:29,45.12,292,13175
2026-01-02 09:48:30,45.12,291,13130
2026-01-02 09:48:31,45.12,314,14168
2026-01-02 09:48:32,45.12,310,13987
2026-01-02 09:48:33,45.12,322,14529
2026-01-02 09:48:34,45.12,289,13040
2026-01-02 09:48:35,45.12,270,12182
2026-01-02 09:48:36,45.12,312,14077
2026-01-02 09:48:37,45.12,281,12679
2026-01-02 09:48:38,45.12,299,13491
2026-01-02 09:48:39,45.12,278,12543
2026-01-02 09:48:40,45.12,305,13762
2026-01-02 09:48:41,45.12,289,13040
2026-01-02 09:48:42,45.12,286,12904
2026-01-02 09:48:43,45.12,323,14574
2026-01-02 09:48:44,45.12,312,14077
2026-01-02 09:48:45,45.12,255,11506
2026-01-02 09:48:46,45.12,309,13942
2026-01-02 09:48:47,45.12,282,12724
2026-01-02 09:48:48,45.12,287,12949
2026-01-02 09:48:49,45.12,278,12543
2026-01-02 09:48:50,45.12,305,13762
2026-01-02 09:48:51,45.12,309,13942
2026-01-02 09:48:52,45.12,313,14123
2026-01-02 09:48:53,45.12,294,13265
2026-01-02 09:48:54,45.12,303,13671
2026-01-02 09:48:55,45.12,270,12182
2026-01-02 09:48:56,45.12,286,12904
2026-01-02 09:48:57,45.12,276,12453
2026-01-02 09:48:58,45.12,283,12769
2026-01-02 09:48:59,45.12,296,13356
2026-01-02 09:49:00,45.12,292,13175
2026-01-02 09:49:01,45.12,278,12543
2026-01-02 09:49:02,45.12,267,12047
2026-01-02 09:49:03,45.12,302,13626
2026-01-02 09:49:04,45.12,325,14664
2026-01-02 09:49:05,45.12,260,11731
2026-01-02 09:49:06,45.12,282,12724
2026-01-02 09:49:07,45.12,284,12814
2026-01-02 09:49:08,45.12,290,13085
2026-01-02 09:49:09,45.12,304,13716
2026-01-02 09:49:10,45.12,277,12498
2026-01-02 09:49:11,45.12,294,13265
2026-01-02 09:49:12,45.12,299,13491
2026-01-02 09:49:13,45.12,279,12588
2026-01-02 09:49:14,45.12,301,13581
2026-01-02 09:49:15,45.12,295,13310
2026-01-02 09:49:16,45.12,290,13085
2026-01-02 09:49:17,45.12,286,12904
2026-01-02 09:49:18,45.12,270,12182
2026-01-02 09:49:19,45.12,254,11460
2026-01-02 09:49:20,45.12,277,12498
2026-01-02 09:49:21,45.12,305,13762
2026-01-02 09:49:22,45.12,282,12724
2026-01-02 09:49:23,45.12,288,12995
2026-01-02 09:49:24,45.12,290,13085
2026-01-02 09:49:25,45.12,330,14890
2026-01-02 09:49:26,45.12,284,12814
2026-01-02 09:49:27,45.12,318,14348
2026-01-02 09:49:28,45.12,266,12002
2026-01-02 09:49:29,45.12,295,13310
2026-01-02 09:49:30,45.12,285,12859
2026-01-02 09:49:31,45.12,280,12634
2026-01-02 09:49:32,45.12,286,12904
2026-01-02 09:49:33,45.12,302,13626
2026-01-02 09:49:34,45.12,302,13626
2026-01-02 09:49:35,45.12,299,13491
2026-01-02 09:49:36,45.12,280,12634
2026-01-02 09:49:37,45.12,312,14077
2026-01-02 09:49:38,45.12,293,13220
2026-01-02 09:49:39,45.12,286,12904
2026-01-02 09:49:40,45.12,257,11596
2026-01-02 09:49:41,45.12,287,12949
2026-01-02 09:49:42,45.12,272,12273
2026-01-02 09:49:43,45.12,288,12995
2026-01-02 09:49:44,45.12,272,12273
2026-01-02 09:49:45,45.12,276,12453
2026-01-02 09:49:46,45.12,274,12363
2026-01-02 09:49:47,45.12,291,13130
2026-01-02 09:49:48,45.12,250,11280
2026-01-02 09:49:49,45.12,293,13220
2026-01-02 09:49:50,45.12,266,12002
2026-01-02 09:49:51,45.12,292,13175
2026-01-02 09:49:52,45.12,304,13716
2026-01-02 09:49:53,45.12,290,13085
2026-01-02 09:49:54,45.12,286,12904
2026-01-02 09:49:55,45.12,302,13626
2026-01-02 09:49:56,45.12,305,13762
2026-01-02 09:49:57,45.12,269,12137
2026-01-02 09:49:58,45.12,295,13310
2026-01-02 09:49:59,45.12,271,12228
2026-01-02 09:50:00,45.12,252,11370
2026-01-02 09:50:01,45.12,283,12769
2026-01-02 09:50:02,45.12,288,12995
2026-01-02 09:50:03,45.12,262,11821
2026-01-02 09:50:04,45.12,267,12047
2026-01-02 09:50:05,45.12,277,12498
2026-01-02 09:50:06,45.12,288,12995
2026-01-02 09:50:07,45.12,279,12588
2026-01-02 09:50:08,45.12,280,12634
2026-01-02 09:50:09,45.12,263,11867
2026-01-02 09:50:10,45.12,255,11506
2026-01-02 09:50:11,45.12,276,12453
2026-01-02 09:50:12,45.12,284,12814
2026-01-02 09:50:13,45.12,277,12498
2026-01-02 09:50:14,45.12,268,12092
2026-01-02 09:50:15,45.12,281,12679
2026-01-02 09:50:16,45.12,304,13716
2026-01-02 09:50:17,45.12,268,12092
2026-01-02 09:50:18,45.12,264,11912
2026-01-02 09:50:19,45.12,280,12634
2026-01-02 09:50:20,45.12,301,13581
2026-01-02 09:50:21,45.12,300,13536
2026-01-02 09:50:22,45.12,287,12949
2026-01-02 09:50:23,45.12,264,11912
2026-01-02 09:50:24,45.12,282,12724
2026-01-02 09:50:25,45.12,304,13716
2026-01-02 09:50:26,45.12,278,12543
2026-01-02 09:50:27,45.12,263,11867
2026-01-02 09:50:28,45.12,263,11867
2026-01-02 09:50:29,45.12,285,12859
2026-01-02 09:50:30,45.12,269,12137
2026-01-02 09:50:31,45.12,296,13356
2026-01-02 09:50:32,45.12,259,11686
2026-01-02 09:50:33,45.12,299,13491
2026-01-02 09:50:34,45.12,297,13401
2026-01-02 09:50:35,45.12,283,12769
2026-01-02 09:50:36,45.12,301,13581
2026-01-02 09:50:37,45.12,290,13085
2026-01-02 09:50:38,45.12,288,12995
2026-01-02 09:50:39,45.12,247,11145
2026-01-02 09:50:40,45.12,312,14077
2026-01-02 09:50:41,45.12,312,14077
2026-01-02 09:50:42,45.12,280,12634
2026-01-02 09:50:43,45.12,259,11686
2026-01-02 09:50:44,45.12,277,12498
2026-01-02 09:50:45,45.12,280,12634
2026-01-02 09:50:46,45.12,286,12904
2026-01-02 09:50:47,45.12,306,13807
2026-01-02 09:50:48,45.12,276,12453
2026-01-02 09:50:49,45.12,293,13220
2026-01-02 09:50:50,45.12,276,12453
2026-01-02 09:50:51,45.12,276,12453
2026-01-02 09:50:52,45.12,297,13401
2026-01-02 09:50:53,45.12,295,13310
2026-01-02 09:50:54,45.12,270,12182
2026-01-02 09:50:55,45.12,268,12092
2026-01-02 09:50:56,45.12,255,11506
2026-01-02 09:50:57,45.12,291,13130
2026-01-02 09:50:58,45.12,295,13310
2026-01-02 09:50:59,45.12,257,11596
2026-01-02 09:51:00,45.12,298,13446
2026-01-02 09:51:01,45.12,245,11054
2026-01-02 09:51:02,45.12,248,11190
2026-01-02 09:51:03,45.12,288,12995
2026-01-02 09:51:04,45.12,301,13581
2026-01-02 09:51:05,45.12,272,12273
2026-01-02 09:51:06,45.12,290,13085
2026-01-02 09:51:07,45.12,314,14168
2026-01-02 09:51:08,45.12,295,13310
2026-01-02 09:51:09,45.12,281,12679
2026-01-02 09:51:10,45.12,260,11731
2026-01-02 09:51:11,45.12,272,12273
2026-01-02 09:51:12,45.12,262,11821
2026-01-02 09:51:13,45.12,284,12814
2026-01-02 09:51:14,45.12,281,12679
2026-01-02 09:51:15,45.12,249,11235
2026-01-02 09:51:16,45.12,274,12363
2026-01-02 09:51:17,45.12,254,11460
2026-01-02 09:51:18,45.12,272,12273
2026-01-02 09:51:19,45.12,274,12363
2026-01-02 09:51:20,45.12,278,12543
2026-01-02 09:51:21,45.12,283,12769
2026-01-02 09:51:22,45.12,282,12724
2026-01-02 09:51:23,45.12,272,12273
2026-01-02 09:51:24,45.12,275,12408
2026-01-02 09:51:25,45.12,282,12724
2026-01-02 09:51:26,45.12,267,12047
2026-01-02 09:51:27,45.12,270,12182
2026-01-02 09:51:28,45.12,270,12182
2026-01-02 09:51:29,45.12,310,13987
2026-01-02 09:51:30,45.12,265,11957
2026-01-02 09:51:31,45.12,298,13446
2026-01-02 09:51:32,45.12,265,11957
2026-01-02 09:51:33,45.12,275,12408
2026-01-02 09:51:34,45.12,288,12995
2026-01-02 09:51:35,45.12,260,11731
2026-01-02 09:51:36,45.12,297,13401
2026-01-02 09:51:37,45.12,299,13491
2026-01-02 09:51:38,45.12,290,13085
2026-01-02 09:51:39,45.12,292,13175
2026-01-02 09:51:40,45.12,295,13310
2026-01-02 09:51:41,45.12,277,12498
2026-01-02 09:51:42,45.12,260,11731
2026-01-02 09:51:43,45.12,264,11912
2026-01-02 09:51:44,45.12,307,13852
2026-01-02 09:51:45,45.12,262,11821
2026-01-02 09:51:46,45.12,281,12679
2026-01-02 09:51:47,45.12,264,11912
2026-01-02 09:51:48,45.12,305,13762
2026-01-02 09:51:49,45.12,287,12949
2026-01-02 09:51:50,45.12,275,12408
2026-01-02 09:51:51,45.12,311,14032
2026-01-02 09:51:52,45.12,288,12995
2026-01-02 09:51:53,45.12,293,13220
2026-01-02 09:51:54,45.12,290,13085
2026-01-02 09:51:55,45.12,303,13671
2026-01-02 09:51:56,45.12,270,12182
2026-01-02 09:51:57,45.12,256,11551
2026-01-02 09:51:58,45.12,278,12543
2026-01-02 09:51:59,45.12,292,13175
2026-01-02 09:52:00,45.12,296,13356
2026-01-02 09:52:01,45.12,280,12634
2026-01-02 09:52:02,45.12,298,13446
2026-01-02 09:52:03,45.12,274,12363
2026-01-02 09:52:04,45.12,258,11641
2026-01-02 09:52:05,45.12,259,11686
2026-01-02 09:52:06,45.12,272,12273
2026-01-02 09:52:07,45.12,325,14664
2026-01-02 09:52:08,45.12,266,12002
2026-01-02 09:52:09,45.12,272,12273
2026-01-02 09:52:10,45.12,268,12092
2026-01-02 09:52:11,45.12,259,11686
2026-01-02 09:52:12,45.12,268,12092
2026-01-02 09:52:13,45.12,266,12002
2026-01-02 09:52:14,45.12,271,12228
2026-01-02 09:52:15,45.12,289,13040
2026-01-02 09:52:16,45.12,291,13130
2026-01-02 09:52:17,45.12,303,13671
2026-01-02 09:52:18,45.12,298,13446
2026-01-02 09:52:19,45.12,291,13130
2026-01-02 09:52:20,45.12,272,12273
2026-01-02 09:52:21,45.12,279,12588
2026-01-02 09:52:22,45.12,248,11190
2026-01-02 09:52:23,45.12,270,12182
2026-01-02 09:52:24,45.12,262,11821
2026-01-02 09:52:25,45.12,300,13536
2026-01-02 09:52:26,45.12,314,14168
2026-01-02 09:52:27,45.12,277,12498
2026-01-02 09:52:28,45.12,267,12047
2026-01-02 09:52:29,45.12,283,12769
2026-01-02 09:52:30,45.12,287,12949
2026-01-02 09:52:31,45.12,268,12092
2026-01-02 09:52:32,45.12,284,12814
2026-01-02 09:52:33,45.12,255,11506
2026-01-02 09:52:34,45.12,283,12769
2026-01-02 09:52:35,45.12,272,12273
2026-01-02 09:52:36,45.12,234,10558
2026-01-02 09:52:37,45.12,276,12453
2026-01-02 09:52:38,45.12,285,12859
2026-01-02 09:52:39,45.12,279,12588
2026-01-02 09:52:40,45.12,294,13265
2026-01-02 09:52:41,45.12,302,13626
2026-01-02 09:52:42,45.12,260,11731
2026-01-02 09:52:43,45.12,268,12092
2026-01-02 09:52:44,45.12,293,13220
2026-01-02 09:52:45,45.12,304,13716
2026-01-02 09:52:46,45.12,268,12092
2026-01-02 09:52:47,45.12,281,12679
2026-01-02 09:52:48,45.12,283,12769
2026-01-02 09:52:49,45.12,278,12543
2026-01-02 09:52:50,45.12,270,12182
2026-01-02 09:52:51,45.12,295,13310
2026-01-02 09:52:52,45.12,299,13491
2026-01-02 09:52:53,45.12,292,13175
2026-01-02 09:52:54,45.12,283,12769
2026-01-02 09:52:55,45.12,286,12904
2026-01-02 09:52:56,45.12,258,11641
2026-01-02 09:52:57,45.12,285,12859
2026-01-02 09:52:58,45.12,302,13626
2026-01-02 09:52:59,45.12,270,12182
2026-01-02 09:53:00,45.12,296,13356
2026-01-02 09:53:01,45.12,243,10964
2026-01-02 09:53:02,45.12,240,10829
2026-01-02 09:53:03,45.12,261,11776
2026-01-02 09:53:04,45.12,278,12543
2026-01-02 09:53:05,45.12,300,13536
2026-01-02 09:53:06,45.12,255,11506
2026-01-02 09:53:07,45.12,257,11596
2026-01-02 09:53:08,45.12,267,12047
2026-01-02 09:53:09,45.12,266,12002
2026-01-02 09:53:10,45.12,266,12002
2026-01-02 09:53:11,45.12,261,11776
2026-01-02 09:53:12,45.12,295,13310
2026-01-02 09:53:13,45.12,260,11731
2026-01-02 09:53:14,45.12,251,11325
2026-01-02 09:53:15,45.12,273,12318
2026-01-02 09:53:16,45.12,282,12724
2026-01-02 09:53:17,45.12,263,11867
2026-01-02 09:53:18,45.12,258,11641
2026-01-02 09:53:19,45.12,289,13040
2026-01-02 09:53:20,45.12,260,11731
2026-01-02 09:53:21,45.12,286,12904
2026-01-02 09:53:22,45.12,291,13130
2026-01-02 09:53:23,45.12,288,12995
2026-01-02 09:53:24,45.12,277,12498
2026-01-02 09:53:25,45.12,296,13356
2026-01-02 09:53:26,45.12,261,11776
2026-01-02 09:53:27,45.12,271,12228
2026-01-02 09:53:28,45.12,261,11776
2026-01-02 09:53:29,45.12,260,11731
2026-01-02 09:53:30,45.12,263,11867
2026-01-02 09:53:31,45.12,257,11596
2026-01-02 09:53:32,45.12,279,12588
2026-01-02 09:53:33,45.12,264,11912
2026-01-02 09:53:34,45.12,279,12588
2026-01-02 09:53:35,45.12,285,12859
2026-01-02 09:53:36,45.12,260,11731
2026-01-02 09:53:37,45.12,247,11145
2026-01-02 09:53:38,45.12,278,12543
2026-01-02 09:53:39,45.12,268,12092
2026-01-02 09:53:40,45.12,271,12228
2026-01-02 09:53:41,45.12,281,12679
2026-01-02 09:53:42,45.12,237,10693
2026-01-02 09:53:43,45.12,281,12679
2026-01-02 09:53:44,45.12,288,12995
2026-01-02 09:53:45,45.12,264,11912
2026-01-02 09:53:46,45.12,290,13085
2026-01-02 09:53:47,45.12,270,12182
2026-01-02 09:53:48,45.12,275,12408
2026-01-02 09:53:49,45.12,265,11957
2026-01-02 09:53:50,45.12,278,12543
2026-01-02 09:53:51,45.12,286,12904
2026-01-02 09:53:52,45.12,279,12588
2026-01-02 09:53:53,45.12,260,11731
2026-01-02 09:53:54,45.12,261,11776
2026-01-02 09:53:55,45.12,259,11686
2026-01-02 09:53:56,45.12,285,12859
2026-01-02 09:53:57,45.12,303,13671
2026-01-02 09:53:58,45.12,286,12904
2026-01-02 09:53:59,45.12,254,11460
2026-01-02 09:54:00,45.12,278,12543
2026-01-02 09:54:01,45.12,276,12453
2026-01-02 09:54:02,45.12,238,10739
2026-01-02 09:54:03,45.12,286,12904
2026-01-02 09:54:04,45.12,279,12588
2026-01-02 09:54:05,45.12,267,12047
2026-01-02 09:54:06,45.12,243,10964
2026-01-02 09:54:07,45.12,307,13852
2026-01-02 09:54:08,45.12,274,12363
2026-01-02 09:54:09,45.12,285,12859
2026-01-02 09:54:10,45.12,280,12634
2026-01-02 09:54:11,45.12,274,12363
2026-01-02 09:54:12,45.12,311,14032
2026-01-02 09:54:13,45.12,280,12634
2026-01-02 09:54:14,45.12,259,11686
2026-01-02 09:54:15,45.12,256,11551
2026-01-02 09:54:16,45.12,267,12047
2026-01-02 09:54:17,45.12,281,12679
2026-01-02 09:54:18,45.12,269,12137
2026-01-02 09:54:19,45.12,265,11957
2026-01-02 09:54:20,45.12,256,11551
2026-01-02 09:54:21,45.12,276,12453
2026-01-02 09:54:22,45.12,272,12273
2026-01-02 09:54:23,45.12,231,10423
2026-01-02 09:54:24,45.12,304,13716
2026-01-02 09:54:25,45.12,277,12498
2026-01-02 09:54:26,45.12,267,12047
2026-01-02 09:54:27,45.12,251,11325
2026-01-02 09:54:28,45.12,271,12228
2026-01-02 09:54:29,45.12,284,12814
2026-01-02 09:54:30,45.12,292,13175
2026-01-02 09:54:31,45.12,282,12724
2026-01-02 09:54:32,45.12,273,12318
2026-01-02 09:54:33,45.12,250,11280
2026-01-02 09:54:34,45.12,248,11190
2026-01-02 09:54:35,45.12,265,11957
2026-01-02 09:54:36,45.12,239,10784
2026-01-02 09:54:37,45.12,260,11731
2026-01-02 09:54:38,45.12,263,11867
2026-01-02 09:54:39,45.12,256,11551
2026-01-02 09:54:40,45.12,261,11776
2026-01-02 09:54:41,45.12,277,12498
2026-01-02 09:54:42,45.12,267,12047
2026-01-02 09:54:43,45.12,243,10964
2026-01-02 09:54:44,45.12,262,11821
2026-01-02 09:54:45,45.12,263,11867
2026-01-02 09:54:46,45.12,269,12137
2026-01-02 09:54:47,45.12,260,11731
2026-01-02 09:54:48,45.12,259,11686
2026-01-02 09:54:49,45.12,274,12363
2026-01-02 09:54:50,45.12,300,13536
2026-01-02 09:54:51,45.12,268,12092
2026-01-02 09:54:52,45.12,279,12588
2026-01-02 09:54:53,45.12,299,13491
2026-01-02 09:54:54,45.12,280,12634
2026-01-02 09:54:55,45.12,267,12047
2026-01-02 09:54:56,45.12,283,12769
2026-01-02 09:54:57,45.12,230,10378
2026-01-02 09:54:58,45.12,260,11731
2026-01-02 09:54:59,45.12,260,11731
2026-01-02 09:55:00,45.12,260,11731
2026-01-02 09:55:01,45.12,283,12769
2026-01-02 09:55:02,45.12,298,13446
2026-01-02 09:55:03,45.12,295,13310
2026-01-02 09:55:04,45.12,264,11912
2026-01-02 09:55:05,45.12,285,12859
2026-01-02 09:55:06,45.12,272,12273
2026-01-02 09:55:07,45.12,258,11641
2026-01-02 09:55:08,45.12,280,12634
2026-01-02 09:55:09,45.12,264,11912
2026-01-02 09:55:10,45.12,255,11506
2026-01-02 09:55:11,45.12,270,12182
2026-01-02 09:55:12,45.12,263,11867
2026-01-02 09:55:13,45.12,259,11686
2026-01-02 09:55:14,45.12,266,12002
2026-01-02 09:55:15,45.12,265,11957
2026-01-02 09:55:16,45.12,299,13491
2026-01-02 09:55:17,45.12,259,11686
2026-01-02 09:55:18,45.12,243,10964
2026-01-02 09:55:19,45.12,255,11506
2026-01-02 09:55:20,45.12,276,12453
2026-01-02 09:55:21,45.12,298,13446
2026-01-02 09:55:22,45.12,264,11912
2026-01-02 09:55:23,45.12,251,11325
2026-01-02 09:55:24,45.12,270,12182
2026-01-02 09:55:25,45.12,247,11145
2026-01-02 09:55:26,45.12,255,11506
2026-01-02 09:55:27,45.12,269,12137
2026-01-02 09:55:28,45.12,260,11731
2026-01-02 09:55:29,45.12,275,12408
2026-01-02 09:55:30,45.12,275,12408
2026-01-02 09:55:31,45.12,235,10603
2026-01-02 09:55:32,45.12,286,12904
2026-01-02 09:55:33,45.12,286,12904
2026-01-02 09:55:34,45.12,247,11145
2026-01-02 09:55:35,45.12,276,12453
2026-01-02 09:55:36,45.12,280,12634
2026-01-02 09:55:37,45.12,267,12047
2026-01-02 09:55:38,45.12,263,11867
2026-01-02 09:55:39,45.12,285,12859
2026-01-02 09:55:40,45.12,290,13085
2026-01-02 09:55:41,45.12,286,12904
2026-01-02 09:55:42,45.12,251,11325
2026-01-02 09:55:43,45.12,255,11506
2026-01-02 09:55:44,45.12,263,11867
2026-01-02 09:55:45,45.12,301,13581
2026-01-02 09:55:46,45.12,270,12182
2026-01-02 09:55:47,45.12,262,11821
2026-01-02 09:55:48,45.12,288,12995
2026-01-02 09:55:49,45.12,278,12543
2026-01-02 09:55:50,45.12,236,10648
2026-01-02 09:55:51,45.12,261,11776
2026-01-02 09:55:52,45.12,282,12724
2026-01-02 09:55:53,45.12,250,11280
2026-01-02 09:55:54,45.12,244,11009
2026-01-02 09:55:55,45.12,237,10693
2026-01-02 09:55:56,45.12,273,12318
2026-01-02 09:55:57,45.12,283,12769
2026-01-02 09:55:58,45.12,249,11235
2026-01-02 09:55:59,45.12,277,12498
2026-01-02 09:56:00,45.12,280,12634
2026-01-02 09:56:01,45.12,285,12859
2026-01-02 09:56:02,45.12,265,11957
2026-01-02 09:56:03,45.12,240,10829
2026-01-02 09:56:04,45.12,272,12273
2026-01-02 09:56:05,45.12,261,11776
2026-01-02 09:56:06,45.12,273,12318
2026-01-02 09:56:07,45.12,263,11867
2026-01-02 09:56:08,45.12,266,12002
2026-01-02 09:56:09,45.12,272,12273
2026-01-02 09:56:10,45.12,262,11821
2026-01-02 09:56:11,45.12,250,11280
2026-01-02 09:56:12,45.12,269,12137
2026-01-02 09:56:13,45.12,251,11325
2026-01-02 09:56:14,45.12,257,11596
2026-01-02 09:56:15,45.12,254,11460
2026-01-02 09:56:16,45.12,253,11415
2026-01-02 09:56:17,45.12,242,10919
2026-01-02 09:56:18,45.12,260,11731
2026-01-02 09:56:19,45.12,256,11551
2026-01-02 09:56:20,45.12,252,11370
2026-01-02 09:56:21,45.12,262,11821
2026-01-02 09:56:22,45.12,243,10964
2026-01-02 09:56:23,45.12,280,12634
2026-01-02 09:56:24,45.12,271,12228
2026-01-02 09:56:25,45.12,249,11235
2026-01-02 09:56:26,45.12,273,12318
2026-01-02 09:56:27,45.12,253,11415
2026-01-02 09:56:28,45.12,261,11776
2026-01-02 09:56:29,45.12,249,11235
2026-01-02 09:56:30,45.12,256,11551
2026-01-02 09:56:31,45.12,276,12453
2026-01-02 09:56:32,45.12,289,13040
2026-01-02 09:56:33,45.12,268,12092
2026-01-02 09:56:34,45.12,271,12228
2026-01-02 09:56:35,45.12,280,12634
2026-01-02 09:56:36,45.12,257,11596
2026-01-02 09:56:37,45.12,273,12318
2026-01-02 09:56:38,45.12,234,10558
2026-01-02 09:56:39,45.12,274,12363
2026-01-02 09:56:40,45.12,264,11912
2026-01-02 09:56:41,45.12,258,11641
2026-01-02 09:56:42,45.12,301,13581
2026-01-02 09:56:43,45.12,288,12995
2026-01-02 09:56:44,45.12,279,12588
2026-01-02 09:56:45,45.12,285,12859
2026-01-02 09:56:46,45.12,300,13536
2026-01-02 09:56:47,45.12,280,12634
2026-01-02 09:56:48,45.12,262,11821
2026-01-02 09:56:49,45.12,243,10964
2026-01-02 09:56:50,45.12,276,12453
2026-01-02 09:56:51,45.12,245,11054
2026-01-02 09:56:52,45.12,238,10739
2026-01-02 09:56:53,45.12,267,12047
2026-01-02 09:56:54,45.12,265,11957
2026-01-02 09:56:55,45.12,265,11957
2026-01-02 09:56:56,45.12,244,11009
2026-01-02 09:56:57,45.12,240,10829
2026-01-02 09:56:58,45.12,233,10513
2026-01-02 09:56:59,45.12,266,12002
2026-01-02 09:57:00,45.12,265,11957
2026-01-02 09:57:01,45.12,292,13175
2026-01-02 09:57:02,45.12,246,11100
2026-01-02 09:57:03,45.12,251,11325
2026-01-02 09:57:04,45.12,285,12859
2026-01-02 09:57:05,45.12,255,11506
2026-01-02 09:57:06,45.12,269,12137
2026-01-02 09:57:07,45.12,263,11867
2026-01-02 09:57:08,45.12,244,11009
2026-01-02 09:57:09,45.12,298,13446
2026-01-02 09:57:10,45.12,291,13130
2026-01-02 09:57:11,45.12,251,11325
2026-01-02 09:57:12,45.12,254,11460
2026-01-02 09:57:13,45.12,255,11506
2026-01-02 09:57:14,45.12,240,10829
2026-01-02 09:57:15,45.12,275,12408
2026-01-02 09:57:16,45.12,248,11190
2026-01-02 09:57:17,45.12,244,11009
2026-01-02 09:57:18,45.12,270,12182
2026-01-02 09:57:19,45.12,246,11100
2026-01-02 09:57:20,45.12,261,11776
2026-01-02 09:57:21,45.12,251,11325
2026-01-02 09:57:22,45.12,283,12769
2026-01-02 09:57:23,45.12,243,10964
2026-01-02 09:57:24,45.12,230,10378
2026-01-02 09:57:25,45.12,282,12724
2026-01-02 09:57:26,45.12,285,12859
2026-01-02 09:57:27,45.12,246,11100
2026-01-02 09:57:28,45.12,271,12228
2026-01-02 09:57:29,45.12,258,11641
2026-01-02 09:57:30,45.12,278,12543
2026-01-02 09:57:31,45.12,241,10874
2026-01-02 09:57:32,45.12,231,10423
2026-01-02 09:57:33,45.12,264,11912
2026-01-02 09:57:34,45.12,261,11776
2026-01-02 09:57:35,45.12,276,12453
2026-01-02 09:57:36,45.12,251,11325
2026-01-02 09:57:37,45.12,279,12588
2026-01-02 09:57:38,45.12,274,12363
2026-01-02 09:57:39,45.12,264,11912
2026-01-02 09:57:40,45.12,270,12182
2026-01-02 09:57:41,45.12,251,11325
2026-01-02 09:57:42,45.12,265,11957
2026-01-02 09:57:43,45.12,272,12273
2026-01-02 09:57:44,45.12,265,11957
2026-01-02 09:57:45,45.12,257,11596
2026-01-02 09:57:46,45.12,247,11145
2026-01-02 09:57:47,45.12,236,10648
2026-01-02 09:57:48,45.12,265,11957
2026-01-02 09:57:49,45.12,248,11190
2026-01-02 09:57:50,45.12,282,12724
2026-01-02 09:57:51,45.12,247,11145
2026-01-02 09:57:52,45.12,236,10648
2026-01-02 09:57:53,45.12,248,11190
2026-01-02 09:57:54,45.12,263,11867
2026-01-02 09:57:55,45.12,233,10513
2026-01-02 09:57:56,45.12,284,12814
2026-01-02 09:57:57,45.12,275,12408
2026-01-02 09:57:58,45.12,281,12679
2026-01-02 09:57:59,45.12,296,13356
2026-01-02 09:58:00,45.12,255,11506
2026-01-02 09:58:01,45.12,254,11460
2026-01-02 09:58:02,45.12,265,11957
2026-01-02 09:58:03,45.12,254,11460
2026-01-02 09:58:04,45.12,278,12543
2026-01-02 09:58:05,45.12,267,12047
2026-01-02 09:58:06,45.12,244,11009
2026-01-02 09:58:07,45.12,266,12002
2026-01-02 09:58:08,45.12,259,11686
2026-01-02 09:58:09,45.12,256,11551
2026-01-02 09:58:10,45.12,275,12408
2026-01-02 09:58:11,45.12,258,11641
2026-01-02 09:58:12,45.12,247,11145
2026-01-02 09:58:13,45.12,254,11460
2026-01-02 09:58:14,45.12,252,11370
2026-01-02 09:58:15,45.12,249,11235
2026-01-02 09:58:16,45.12,260,11731
2026-01-02 09:58:17,45.12,249,11235
2026-01-02 09:58:18,45.12,237,10693
2026-01-02 09:58:19,45.12,272,12273
2026-01-02 09:58:20,45.12,260,11731
2026-01-02 09:58:21,45.12,285,12859
2026-01-02 09:58:22,45.12,254,11460
2026-01-02 09:58:23,45.12,280,12634
2026-01-02 09:58:24,45.12,250,11280
2026-01-02 09:58:25,45.12,280,12634
2026-01-02 09:58:26,45.12,254,11460
2026-01-02 09:58:27,45.12,243,10964
2026-01-02 09:58:28,45.12,251,11325
2026-01-02 09:58:29,45.12,270,12182
2026-01-02 09:58:30,45.12,238,10739
2026-01-02 09:58:31,45.12,260,11731
2026-01-02 09:58:32,45.12,274,12363
2026-01-02 09:58:33,45.12,282,12724
2026-01-02 09:58:34,45.12,253,11415
2026-01-02 09:58:35,45.12,254,11460
2026-01-02 09:58:36,45.12,253,11415
2026-01-02 09:58:37,45.12,234,10558
2026-01-02 09:58:38,45.12,245,11054
2026-01-02 09:58:39,45.12,240,10829
2026-01-02 09:58:40,45.12,274,12363
2026-01-02 09:58:41,45.12,283,12769
2026-01-02 09:58:42,45.12,266,12002
2026-01-02 09:58:43,45.12,234,10558
2026-01-02 09:58:44,45.12,243,10964
2026-01-02 09:58:45,45.12,247,11145
2026-01-02 09:58:46,45.12,299,13491
2026-01-02 09:58:47,45.12,269,12137
2026-01-02 09:58:48,45.12,267,12047
2026-01-02 09:58:49,45.12,240,10829
2026-01-02 09:58:50,45.12,265,11957
2026-01-02 09:58:51,45.12,255,11506
2026-01-02 09:58:52,45.12,285,12859
2026-01-02 09:58:53,45.12,273,12318
2026-01-02 09:58:54,45.12,271,12228
2026-01-02 09:58:55,45.12,249,11235
2026-01-02 09:58:56,45.12,281,12679
2026-01-02 09:58:57,45.12,282,12724
2026-01-02 09:58:58,45.12,268,12092
2026-01-02 09:58:59,45.12,260,11731
2026-01-02 09:59:00,45.12,275,12408
2026-01-02 09:59:01,45.12,279,12588
2026-01-02 09:59:02,45.12,278,12543
2026-01-02 09:59:03,45.12,267,12047
2026-01-02 09:59:04,45.12,242,10919
2026-01-02 09:59:05,45.12,256,11551
2026-01-02 09:59:06,45.12,240,10829
2026-01-02 09:59:07,45.12,255,11506
2026-01-02 09:59:08,45.12,246,11100
2026-01-02 09:59:09,45.12,253,11415
2026-01-02 09:59:10,45.12,222,10017
2026-01-02 09:59:11,45.12,246,11100
2026-01-02 09:59:12,45.12,277,12498
2026-01-02 09:59:13,45.12,262,11821
2026-01-02 09:59:14,45.12,235,10603
2026-01-02 09:59:15,45.12,255,11506
2026-01-02 09:59:16,45.12,280,12634
2026-01-02 09:59:17,45.12,264,11912
2026-01-02 09:59:18,45.12,228,10287
2026-01-02 09:59:19,45.12,253,11415
2026-01-02 09:59:20,45.12,249,11235
2026-01-02 09:59:21,45.12,269,12137
2026-01-02 09:59:22,45.12,265,11957
2026-01-02 09:59:23,45.12,280,12634
2026-01-02 09:59:24,45.12,250,11280
2026-01-02 09:59:25,45.12,260,11731
2026-01-02 09:59:26,45.12,282,12724
2026-01-02 09:59:27,45.12,248,11190
2026-01-02 09:59:28,45.12,240,10829
2026-01-02 09:59:29,45.12,261,11776
2026-01-02 09:59:30,45.12,260,11731
2026-01-02 09:59:31,45.12,255,11506
2026-01-02 09:59:32,45.12,264,11912
2026-01-02 09:59:33,45.12,276,12453
2026-01-02 09:59:34,45.12,284,12814
2026-01-02 09:59:35,45.12,245,11054
2026-01-02 09:59:36,45.12,247,11145
2026-01-02 09:59:37,45.12,257,11596
2026-01-02 09:59:38,45.12,256,11551
2026-01-02 09:59:39,45.12,257,11596
2026-01-02 09:59:40,45.12,242,10919
2026-01-02 09:59:41,45.12,276,12453
2026-01-02 09:59:42,45.12,251,11325
2026-01-02 09:59:43,45.12,265,11957
2026-01-02 09:59:44,45.12,282,12724
2026-01-02 09:59:45,45.12,227,10242
2026-01-02 09:59:46,45.12,248,11190
2026-01-02 09:59:47,45.12,262,11821
2026-01-02 09:59:48,45.12,216,9746
2026-01-02 09:59:49,45.12,252,11370
2026-01-02 09:59:50,45.12,263,11867
2026-01-02 09:59:51,45.12,273,12318
2026-01-02 09:59:52,45.12,270,12182
2026-01-02 09:59:53,45.12,293,13220
2026-01-02 09:59:54,45.12,255,11506
2026-01-02 09:59:55,45.12,248,11190
2026-01-02 09:59:56,45.12,245,11054
2026-01-02 09:59:57,45.12,262,11821
2026-01-02 09:59:58,45.12,260,11731
2026-01-02 09:59:59,45.12,251,11325
2026-01-02 10:00:00,45.12,252,11370
2026-01-02 10:00:01,45.12,247,11145
2026-01-02 10:00:02,45.12,248,11190
2026-01-02 10:00:03,45.12,256,11551
2026-01-02 10:00:04,45.12,284,12814
2026-01-02 10:00:05,45.12,267,12047
2026-01-02 10:00:06,45.12,263,11867
2026-01-02 10:00:07,45.12,252,11370
2026-01-02 10:00:08,45.12,282,12724
2026-01-02 10:00:09,45.12,258,11641
2026-01-02 10:00:10,45.12,229,10332
2026-01-02 10:00:11,45.12,236,10648
2026-01-02 10:00:12,45.12,241,10874
2026-01-02 10:00:13,45.12,269,12137
2026-01-02 10:00:14,45.12,243,10964
2026-01-02 10:00:15,45.12,248,11190
2026-01-02 10:00:16,45.12,236,10648
2026-01-02 10:00:17,45.12,258,11641
2026-01-02 10:00:18,45.12,271,12228
2026-01-02 10:00:19,45.12,282,12724
2026-01-02 10:00:20,45.12,265,11957
2026-01-02 10:00:21,45.12,247,11145
2026-01-02 10:00:22,45.12,245,11054
2026-01-02 10:00:23,45.12,262,11821
2026-01-02 10:00:24,45.12,278,12543
2026-01-02 10:00:25,45.12,229,10332
2026-01-02 10:00:26,45.12,255,11506
2026-01-02 10:00:27,45.12,234,10558
2026-01-02 10:00:28,45.12,268,12092
2026-01-02 10:00:29,45.12,254,11460
2026-01-02 10:00:30,45.12,232,10468
2026-01-02 10:00:31,45.12,264,11912
2026-01-02 10:00:32,45.12,231,10423
2026-01-02 10:00:33,45.12,205,9250
2026-01-02 10:00:34,45.12,254,11460
2026-01-02 10:00:35,45.12,258,11641
2026-01-02 10:00:36,45.12,291,13130
2026-01-02 10:00:37,45.12,274,12363
2026-01-02 10:00:38,45.12,244,11009
2026-01-02 10:00:39,45.12,245,11054
2026-01-02 10:00:40,45.12,255,11506
2026-01-02 10:00:41,45.12,257,11596
2026-01-02 10:00:42,45.12,228,10287
2026-01-02 10:00:43,45.12,244,11009
2026-01-02 10:00:44,45.12,240,10829
2026-01-02 10:00:45,45.12,237,10693
2026-01-02 10:00:46,45.12,236,10648
2026-01-02 10:00:47,45.12,260,11731
2026-01-02 10:00:48,45.12,265,11957
2026-01-02 10:00:49,45.12,266,12002
2026-01-02 10:00:50,45.12,255,11506
2026-01-02 10:00:51,45.12,253,11415
2026-01-02 10:00:52,45.12,274,12363
2026-01-02 10:00:53,45.12,258,11641
2026-01-02 10:00:54,45.12,252,11370
2026-01-02 10:00:55,45.12,261,11776
2026-01-02 10:00:56,45.12,254,11460
2026-01-02 10:00:57,45.12,255,11506
2026-01-02 10:00:58,45.12,256,11551
2026-01-02 10:00:59,45.12,257,11596
2026-01-02 10:01:00,45.12,268,12092
2026-01-02 10:01:01,45.12,244,11009
2026-01-02 10:01:02,45.12,271,12228
2026-01-02 10:01:03,45.12,269,12137
2026-01-02 10:01:04,45.12,285,12859
2026-01-02 10:01:05,45.12,227,10242
2026-01-02 10:01:06,45.12,211,9520
2026-01-02 10:01:07,45.12,270,12182
2026-01-02 10:01:08,45.12,255,11506
2026-01-02 10:01:09,45.12,292,13175
2026-01-02 10:01:10,45.12,258,11641
2026-01-02 10:01:11,45.12,277,12498
2026-01-02 10:01:12,45.12,249,11235
2026-01-02 10:01:13,45.12,271,12228
2026-01-02 10:01:14,45.12,266,12002
2026-01-02 10:01:15,45.12,255,11506
2026-01-02 10:01:16,45.12,244,11009
2026-01-02 10:01:17,45.12,231,10423
2026-01-02 10:01:18,45.12,250,11280
2026-01-02 10:01:19,45.12,285,12859
2026-01-02 10:01:20,45.12,229,10332
2026-01-02 10:01:21,45.12,265,11957
2026-01-02 10:01:22,45.12,259,11686
2026-01-02 10:01:23,45.12,264,11912
2026-01-02 10:01:24,45.12,226,10197
2026-01-02 10:01:25,45.12,233,10513
2026-01-02 10:01:26,45.12,258,11641
2026-01-02 10:01:27,45.12,270,12182
2026-01-02 10:01:28,45.12,255,11506
2026-01-02 10:01:29,45.12,235,10603
2026-01-02 10:01:30,45.12,257,11596
2026-01-02 10:01:31,45.12,258,11641
2026-01-02 10:01:32,45.12,242,10919
2026-01-02 10:01:33,45.12,239,10784
2026-01-02 10:01:34,45.12,254,11460
2026-01-02 10:01:35,45.12,256,11551
2026-01-02 10:01:36,45.12,244,11009
2026-01-02 10:01:37,45.12,235,10603
2026-01-02 10:01:38,45.12,239,10784
2026-01-02 10:01:39,45.12,270,12182
2026-01-02 10:01:40,45.12,235,10603
2026-01-02 10:01:41,45.12,251,11325
2026-01-02 10:01:42,45.12,256,11551
2026-01-02 10:01:43,45.12,246,11100
2026-01-02 10:01:44,45.12,244,11009
2026-01-02 10:01:45,45.12,256,11551
2026-01-02 10:01:46,45.12,239,10784
2026-01-02 10:01:47,45.12,236,10648
2026-01-02 10:01:48,45.12,286,12904
2026-01-02 10:01:49,45.12,262,11821
2026-01-02 10:01:50,45.12,238,10739
2026-01-02 10:01:51,45.12,227,10242
2026-01-02 10:01:52,45.12,286,12904
2026-01-02 10:01:53,45.12,244,11009
2026-01-02 10:01:54,45.12,252,11370
2026-01-02 10:01:55,45.12,230,10378
2026-01-02 10:01:56,45.12,231,10423
2026-01-02 10:01:57,45.12,254,11460
2026-01-02 10:01:58,45.12,236,10648
2026-01-02 10:01:59,45.12,270,12182
2026-01-02 10:02:00,45.12,231,10423
2026-01-02 10:02:01,45.12,250,11280
2026-01-02 10:02:02,45.12,239,10784
2026-01-02 10:02:03,45.12,282,12724
2026-01-02 10:02:04,45.12,250,11280
2026-01-02 10:02:05,45.12,232,10468
2026-01-02 10:02:06,45.12,232,10468
2026-01-02 10:02:07,45.12,242,10919
2026-01-02 10:02:08,45.12,239,10784
2026-01-02 10:02:09,45.12,275,12408
2026-01-02 10:02:10,45.12,248,11190
2026-01-02 10:02:11,45.12,234,10558
2026-01-02 10:02:12,45.12,238,10739
2026-01-02 10:02:13,45.12,279,12588
2026-01-02 10:02:14,45.12,254,11460
2026-01-02 10:02:15,45.12,237,10693
2026-01-02 10:02:16,45.12,230,10378
2026-01-02 10:02:17,45.12,191,8618
2026-01-02 10:02:18,45.12,240,10829
2026-01-02 10:02:19,45.12,245,11054
2026-01-02 10:02:20,45.12,285,12859
2026-01-02 10:02:21,45.12,268,12092
2026-01-02 10:02:22,45.12,241,10874
2026-01-02 10:02:23,45.12,234,10558
2026-01-02 10:02:24,45.12,252,11370
2026-01-02 10:02:25,45.12,267,12047
2026-01-02 10:02:26,45.12,226,10197
2026-01-02 10:02:27,45.12,256,11551
2026-01-02 10:02:28,45.12,241,10874
2026-01-02 10:02:29,45.12,253,11415
2026-01-02 10:02:30,45.12,218,9836
2026-01-02 10:02:31,45.12,238,10739
2026-01-02 10:02:32,45.12,247,11145
2026-01-02 10:02:33,45.12,261,11776
2026-01-02 10:02:34,45.12,260,11731
2026-01-02 10:02:35,45.12,232,10468
2026-01-02 10:02:36,45.12,264,11912
2026-01-02 10:02:37,45.12,256,11551
2026-01-02 10:02:38,45.12,271,12228
2026-01-02 10:02:39,45.12,286,12904
2026-01-02 10:02:40,45.12,260,11731
2026-01-02 10:02:41,45.12,250,11280
2026-01-02 10:02:42,45.12,254,11460
2026-01-02 10:02:43,45.12,247,11145
2026-01-02 10:02:44,45.12,242,10919
2026-01-02 10:02:45,45.12,257,11596
2026-01-02 10:02:46,45.12,262,11821
2026-01-02 10:02:47,45.12,252,11370
2026-01-02 10:02:48,45.12,282,12724
2026-01-02 10:02:49,45.12,211,9520
2026-01-02 10:02:50,45.12,234,10558
2026-01-02 10:02:51,45.12,222,10017
2026-01-02 10:02:52,45.12,243,10964
2026-01-02 10:02:53,45.12,221,9972
2026-01-02 10:02:54,45.12,235,10603
2026-01-02 10:02:55,45.12,249,11235
2026-01-02 10:02:56,45.12,272,12273
2026-01-02 10:02:57,45.12,265,11957
2026-01-02 10:02:58,45.12,243,10964
2026-01-02 10:02:59,45.12,287,12949
2026-01-02 10:03:00,45.12,241,10874
2026-01-02 10:03:01,45.12,239,10784
2026-01-02 10:03:02,45.12,238,10739
2026-01-02 10:03:03,45.12,273,12318
2026-01-02 10:03:04,45.12,247,11145
2026-01-02 10:03:05,45.12,256,11551
2026-01-02 10:03:06,45.12,238,10739
2026-01-02 10:03:07,45.12,257,11596
2026-01-02 10:03:08,45.12,226,10197
2026-01-02 10:03:09,45.12,253,11415
2026-01-02 10:03:10,45.12,236,10648
2026-01-02 10:03:11,45.12,221,9972
2026-01-02 10:03:12,45.12,271,12228
2026-01-02 10:03:13,45.12,249,11235
2026-01-02 10:03:14,45.12,238,10739
2026-01-02 10:03:15,45.12,234,10558
2026-01-02 10:03:16,45.12,248,11190
2026-01-02 10:03:17,45.12,249,11235
2026-01-02 10:03:18,45.12,264,11912
2026-01-02 10:03:19,45.12,235,10603
2026-01-02 10:03:20,45.12,251,11325
2026-01-02 10:03:21,45.12,272,12273
2026-01-02 10:03:22,45.12,240,10829
2026-01-02 10:03:23,45.12,258,11641
2026-01-02 10:03:24,45.12,257,11596
2026-01-02 10:03:25,45.12,237,10693
2026-01-02 10:03:26,45.12,243,10964
2026-01-02 10:03:27,45.12,227,10242
2026-01-02 10:03:28,45.12,260,11731
2026-01-02 10:03:29,45.12,231,10423
2026-01-02 10:03:30,45.12,242,10919
2026-01-02 10:03:31,45.12,208,9385
2026-01-02 10:03:32,45.12,231,10423
2026-01-02 10:03:33,45.12,262,11821
2026-01-02 10:03:34,45.12,240,10829
2026-01-02 10:03:35,45.12,252,11370
2026-01-02 10:03:36,45.12,234,10558
2026-01-02 10:03:37,45.12,241,10874
2026-01-02 10:03:38,45.12,273,12318
2026-01-02 10:03:39,45.12,238,10739
2026-01-02 10:03:40,45.12,241,10874
2026-01-02 10:03:41,45.12,243,10964
2026-01-02 10:03:42,45.12,261,11776
2026-01-02 10:03:43,45.12,266,12002
2026-01-02 10:03:44,45.12,228,10287
2026-01-02 10:03:45,45.12,223,10062
2026-01-02 10:03:46,45.12,245,11054
2026-01-02 10:03:47,45.12,258,11641
2026-01-02 10:03:48,45.12,258,11641
2026-01-02 10:03:49,45.12,271,12228
2026-01-02 10:03:50,45.12,242,10919
2026-01-02 10:03:51,45.12,250,11280
2026-01-02 10:03:52,45.12,240,10829
2026-01-02 10:03:53,45.12,247,11145
2026-01-02 10:03:54,45.12,261,11776
2026-01-02 10:03:55,45.12,243,10964
2026-01-02 10:03:56,45.12,267,12047
2026-01-02 10:03:57,45.12,241,10874
2026-01-02 10:03:58,45.12,249,11235
2026-01-02 10:03:59,45.12,267,12047
2026-01-02 10:04:00,45.12,245,11054
2026-01-02 10:04:01,45.12,253,11415
2026-01-02 10:04:02,45.12,259,11686
2026-01-02 10:04:03,45.12,250,11280
2026-01-02 10:04:04,45.12,245,11054
2026-01-02 10:04:05,45.12,250,11280
2026-01-02 10:04:06,45.12,271,12228
2026-01-02 10:04:07,45.12,261,11776
2026-01-02 10:04:08,45.12,258,11641
2026-01-02 10:04:09,45.12,256,11551
2026-01-02 10:04:10,45.12,260,11731
2026-01-02 10:04:11,45.12,238,10739
2026-01-02 10:04:12,45.12,248,11190
2026-01-02 10:04:13,45.12,246,11100
2026-01-02 10:04:14,45.12,238,10739
2026-01-02 10:04:15,45.12,236,10648
2026-01-02 10:04:16,45.12,249,11235
2026-01-02 10:04:17,45.12,239,10784
2026-01-02 10:04:18,45.12,248,11190
2026-01-02 10:04:19,45.12,243,10964
2026-01-02 10:04:20,45.12,239,10784
2026-01-02 10:04:21,45.12,217,9791
2026-01-02 10:04:22,45.12,246,11100
2026-01-02 10:04:23,45.12,265,11957
2026-01-02 10:04:24,45.12,228,10287
2026-01-02 10:04:25,45.12,274,12363
2026-01-02 10:04:26,45.12,256,11551
2026-01-02 10:04:27,45.12,219,9881
2026-01-02 10:04:28,45.12,275,12408
2026-01-02 10:04:29,45.12,256,11551
2026-01-02 10:04:30,45.12,256,11551
2026-01-02 10:04:31,45.12,257,11596
2026-01-02 10:04:32,45.12,247,11145
2026-01-02 10:04:33,45.12,275,12408
2026-01-02 10:04:34,45.12,249,11235
2026-01-02 10:04:35,45.12,240,10829
2026-01-02 10:04:36,45.12,255,11506
2026-01-02 10:04:37,45.12,244,11009
2026-01-02 10:04:38,45.12,246,11100
2026-01-02 10:04:39,45.12,240,10829
2026-01-02 10:04:40,45.12,256,11551
2026-01-02 10:04:41,45.12,266,12002
2026-01-02 10:04:42,45.12,232,10468
2026-01-02 10:04:43,45.12,262,11821
2026-01-02 10:04:44,45.12,230,10378
2026-01-02 10:04:45,45.12,241,10874
2026-01-02 10:04:46,45.12,221,9972
2026-01-02 10:04:47,45.12,250,11280
2026-01-02 10:04:48,45.12,239,10784
2026-01-02 10:04:49,45.12,227,10242
2026-01-02 10:04:50,45.12,247,11145
2026-01-02 10:04:51,45.12,222,10017
2026-01-02 10:04:52,45.12,242,10919
2026-01-02 10:04:53,45.12,230,10378
2026-01-02 10:04:54,45.12,220,9926
2026-01-02 10:04:55,45.12,232,10468
2026-01-02 10:04:56,45.12,233,10513
2026-01-02 10:04:57,45.12,206,9295
2026-01-02 10:04:58,45.12,256,11551
2026-01-02 10:04:59,45.12,243,10964
2026-01-02 10:05:00,45.12,222,10017
2026-01-02 10:05:01,45.12,250,11280
2026-01-02 10:05:02,45.12,247,11145
2026-01-02 10:05:03,45.12,260,11731
2026-01-02 10:05:04,45.12,229,10332
2026-01-02 10:05:05,45.12,253,11415
2026-01-02 10:05:06,45.12,227,10242
2026-01-02 10:05:07,45.12,250,11280
2026-01-02 10:05:08,45.12,271,12228
2026-01-02 10:05:09,45.12,248,11190
2026-01-02 10:05:10,45.12,267,12047
2026-01-02 10:05:11,45.12,250,11280
2026-01-02 10:05:12,45.12,243,10964
2026-01-02 10:05:13,45.12,207,9340
2026-01-02 10:05:14,45.12,258,11641
2026-01-02 10:05:15,45.12,252,11370
2026-01-02 10:05:16,45.12,222,10017
2026-01-02 10:05:17,45.12,215,9701
2026-01-02 10:05:18,45.12,225,10152
2026-01-02 10:05:19,45.12,242,10919
2026-01-02 10:05:20,45.12,243,10964
2026-01-02 10:05:21,45.12,228,10287
2026-01-02 10:05:22,45.12,245,11054
2026-01-02 10:05:23,45.12,235,10603
2026-01-02 10:05:24,45.12,254,11460
2026-01-02 10:05:25,45.12,220,9926
2026-01-02 10:05:26,45.12,248,11190
2026-01-02 10:05:27,45.12,237,10693
2026-01-02 10:05:28,45.12,238,10739
2026-01-02 10:05:29,45.12,231,10423
2026-01-02 10:05:30,45.12,245,11054
2026-01-02 10:05:31,45.12,226,10197
2026-01-02 10:05:32,45.12,236,10648
2026-01-02 10:05:33,45.12,219,9881
2026-01-02 10:05:34,45.12,229,10332
2026-01-02 10:05:35,45.12,241,10874
2026-01-02 10:05:36,45.12,240,10829
2026-01-02 10:05:37,45.12,219,9881
2026-01-02 10:05:38,45.12,247,11145
2026-01-02 10:05:39,45.12,239,10784
2026-01-02 10:05:40,45.12,242,10919
2026-01-02 10:05:41,45.12,249,11235
2026-01-02 10:05:42,45.12,219,9881
2026-01-02 10:05:43,45.12,204,9204
2026-01-02 10:05:44,45.12,253,11415
2026-01-02 10:05:45,45.12,255,11506
2026-01-02 10:05:46,45.12,226,10197
2026-01-02 10:05:47,45.12,248,11190
2026-01-02 10:05:48,45.12,236,10648
2026-01-02 10:05:49,45.12,242,10919
2026-01-02 10:05:50,45.12,256,11551
2026-01-02 10:05:51,45.12,232,10468
2026-01-02 10:05:52,45.12,264,11912
2026-01-02 10:05:53,45.12,249,11235
2026-01-02 10:05:54,45.12,232,10468
2026-01-02 10:05:55,45.12,220,9926
2026-01-02 10:05:56,45.12,247,11145
2026-01-02 10:05:57,45.12,237,10693
2026-01-02 10:05:58,45.12,234,10558
2026-01-02 10:05:59,45.12,273,12318
2026-01-02 10:06:00,45.12,244,11009
2026-01-02 10:06:01,45.12,242,10919
2026-01-02 10:06:02,45.12,217,9791
2026-01-02 10:06:03,45.12,240,10829
2026-01-02 10:06:04,45.12,231,10423
2026-01-02 10:06:05,45.12,241,10874
2026-01-02 10:06:06,45.12,275,12408
2026-01-02 10:06:07,45.12,273,12318
2026-01-02 10:06:08,45.12,222,10017
2026-01-02 10:06:09,45.12,242,10919
2026-01-02 10:06:10,45.12,208,9385
2026-01-02 10:06:11,45.12,248,11190
2026-01-02 10:06:12,45.12,219,9881
2026-01-02 10:06:13,45.12,253,11415
2026-01-02 10:06:14,45.12,244,11009
2026-01-02 10:06:15,45.12,236,10648
2026-01-02 10:06:16,45.12,241,10874
2026-01-02 10:06:17,45.12,223,10062
2026-01-02 10:06:18,45.12,237,10693
2026-01-02 10:06:19,45.12,260,11731
2026-01-02 10:06:20,45.12,231,10423
2026-01-02 10:06:21,45.12,246,11100
2026-01-02 10:06:22,45.12,227,10242
2026-01-02 10:06:23,45.12,253,11415
2026-01-02 10:06:24,45.12,243,10964
2026-01-02 10:06:25,45.12,261,11776
2026-01-02 10:06:26,45.12,253,11415
2026-01-02 10:06:27,45.12,225,10152
2026-01-02 10:06:28,45.12,257,11596
2026-01-02 10:06:29,45.12,234,10558
2026-01-02 10:06:30,45.12,235,10603
2026-01-02 10:06:31,45.12,209,9430
2026-01-02 10:06:32,45.12,241,10874
2026-01-02 10:06:33,45.12,233,10513
2026-01-02 10:06:34,45.12,242,10919
2026-01-02 10:06:35,45.12,242,10919
2026-01-02 10:06:36,45.12,262,11821
2026-01-02 10:06:37,45.12,227,10242
2026-01-02 10:06:38,45.12,245,11054
2026-01-02 10:06:39,45.12,234,10558
2026-01-02 10:06:40,45.12,254,11460
2026-01-02 10:06:41,45.12,243,10964
2026-01-02 10:06:42,45.12,256,11551
2026-01-02 10:06:43,45.12,258,11641
2026-01-02 10:06:44,45.12,232,10468
2026-01-02 10:06:45,45.12,239,10784
2026-01-02 10:06:46,45.12,236,10648
2026-01-02 10:06:47,45.12,239,10784
2026-01-02 10:06:48,45.12,237,10693
2026-01-02 10:06:49,45.12,220,9926
2026-01-02 10:06:50,45.12,234,10558
2026-01-02 10:06:51,45.12,280,12634
2026-01-02 10:06:52,45.12,231,10423
2026-01-02 10:06:53,45.12,230,10378
2026-01-02 10:06:54,45.12,256,11551
2026-01-02 10:06:55,45.12,264,11912
2026-01-02 10:06:56,45.12,224,10107
2026-01-02 10:06:57,45.12,258,11641
2026-01-02 10:06:58,45.12,226,10197
2026-01-02 10:06:59,45.12,247,11145
2026-01-02 10:07:00,45.12,252,11370
2026-01-02 10:07:01,45.12,234,10558
2026-01-02 10:07:02,45.12,279,12588
2026-01-02 10:07:03,45.12,227,10242
2026-01-02 10:07:04,45.12,252,11370
2026-01-02 10:07:05,45.12,248,11190
2026-01-02 10:07:06,45.12,271,12228
2026-01-02 10:07:07,45.12,238,10739
2026-01-02 10:07:08,45.12,243,10964
2026-01-02 10:07:09,45.12,232,10468
2026-01-02 10:07:10,45.12,242,10919
2026-01-02 10:07:11,45.12,240,10829
2026-01-02 10:07:12,45.12,221,9972
2026-01-02 10:07:13,45.12,264,11912
2026-01-02 10:07:14,45.12,238,10739
2026-01-02 10:07:15,45.12,234,10558
2026-01-02 10:07:16,45.12,243,10964
2026-01-02 10:07:17,45.12,230,10378
2026-01-02 10:07:18,45.12,242,10919
2026-01-02 10:07:19,45.12,267,12047
2026-01-02 10:07:20,45.12,222,10017
2026-01-02 10:07:21,45.12,253,11415
2026-01-02 10:07:22,45.12,203,9159
2026-01-02 10:07:23,45.12,221,9972
2026-01-02 10:07:24,45.12,222,10017
2026-01-02 10:07:25,45.12,240,10829
2026-01-02 10:07:26,45.12,234,10558
2026-01-02 10:07:27,45.12,239,10784
2026-01-02 10:07:28,45.12,238,10739
2026-01-02 10:07:29,45.12,212,9565
2026-01-02 10:07:30,45.12,222,10017
2026-01-02 10:07:31,45.12,229,10332
2026-01-02 10:07:32,45.12,232,10468
2026-01-02 10:07:33,45.12,221,9972
2026-01-02 10:07:34,45.12,253,11415
2026-01-02 10:07:35,45.12,228,10287
2026-01-02 10:07:36,45.12,227,10242
2026-01-02 10:07:37,45.12,248,11190
2026-01-02 10:07:38,45.12,240,10829
2026-01-02 10:07:39,45.12,245,11054
2026-01-02 10:07:40,45.12,236,10648
2026-01-02 10:07:41,45.12,252,11370
2026-01-02 10:07:42,45.12,242,10919
2026-01-02 10:07:43,45.12,235,10603
2026-01-02 10:07:44,45.12,240,10829
2026-01-02 10:07:45,45.12,231,10423
2026-01-02 10:07:46,45.12,227,10242
2026-01-02 10:07:47,45.12,236,10648
2026-01-02 10:07:48,45.12,234,10558
2026-01-02 10:07:49,45.12,254,11460
2026-01-02 10:07:50,45.12,220,9926
2026-01-02 10:07:51,45.12,236,10648
2026-01-02 10:07:52,45.12,235,10603
2026-01-02 10:07:53,45.12,216,9746
2026-01-02 10:07:54,45.12,247,11145
2026-01-02 10:07:55,45.12,239,10784
2026-01-02 10:07:56,45.12,263,11867
2026-01-02 10:07:57,45.12,241,10874
2026-01-02 10:07:58,45.12,248,11190
2026-01-02 10:07:59,45.12,238,10739
2026-01-02 10:08:00,45.12,247,11145
2026-01-02 10:08:01,45.12,230,10378
2026-01-02 10:08:02,45.12,235,10603
2026-01-02 10:08:03,45.12,206,9295
2026-01-02 10:08:04,45.12,223,10062
2026-01-02 10:08:05,45.12,251,11325
2026-01-02 10:08:06,45.12,258,11641
2026-01-02 10:08:07,45.12,228,10287
2026-01-02 10:08:08,45.12,218,9836
2026-01-02 10:08:09,45.12,217,9791
2026-01-02 10:08:10,45.12,249,11235
2026-01-02 10:08:11,45.12,211,9520
2026-01-02 10:08:12,45.12,224,10107
2026-01-02 10:08:13,45.12,241,10874
2026-01-02 10:08:14,45.12,234,10558
2026-01-02 10:08:15,45.12,222,10017
2026-01-02 10:08:16,45.12,231,10423
2026-01-02 10:08:17,45.12,231,10423
2026-01-02 10:08:18,45.12,242,10919
2026-01-02 10:08:19,45.12,228,10287
2026-01-02 10:08:20,45.12,227,10242
2026-01-02 10:08:21,45.12,212,9565
2026-01-02 10:08:22,45.12,230,10378
2026-01-02 10:08:23,45.12,244,11009
2026-01-02 10:08:24,45.12,233,10513
2026-01-02 10:08:25,45.12,242,10919
2026-01-02 10:08:26,45.12,196,8844
2026-01-02 10:08:27,45.12,220,9926
2026-01-02 10:08:28,45.12,242,10919
2026-01-02 10:08:29,45.12,233,10513
2026-01-02 10:08:30,45.12,224,10107
2026-01-02 10:08:31,45.12,236,10648
2026-01-02 10:08:32,45.12,235,10603
2026-01-02 10:08:33,45.12,219,9881
2026-01-02 10:08:34,45.12,206,9295
2026-01-02 10:08:35,45.12,206,9295
2026-01-02 10:08:36,45.12,237,10693
2026-01-02 10:08:37,45.12,228,10287
2026-01-02 10:08:38,45.12,222,10017
2026-01-02 10:08:39,45.12,240,10829
2026-01-02 10:08:40,45.12,227,10242
2026-01-02 10:08:41,45.12,251,11325
2026-01-02 10:08:42,45.12,257,11596
2026-01-02 10:08:43,45.12,231,10423
2026-01-02 10:08:44,45.12,228,10287
2026-01-02 10:08:45,45.12,214,9656
2026-01-02 10:08:46,45.12,246,11100
2026-01-02 10:08:47,45.12,221,9972
2026-01-02 10:08:48,45.12,249,11235
2026-01-02 10:08:49,45.12,254,11460
2026-01-02 10:08:50,45.12,234,10558
2026-01-02 10:08:51,45.12,248,11190
2026-01-02 10:08:52,45.12,224,10107
2026-01-02 10:08:53,45.12,216,9746
2026-01-02 10:08:54,45.12,255,11506
2026-01-02 10:08:55,45.12,231,10423
2026-01-02 10:08:56,45.12,221,9972
2026-01-02 10:08:57,45.12,242,10919
2026-01-02 10:08:58,45.12,224,10107
2026-01-02 10:08:59,45.12,241,10874
2026-01-02 10:09:00,45.12,232,10468
2026-01-02 10:09:01,45.12,255,11506
2026-01-02 10:09:02,45.12,241,10874
2026-01-02 10:09:03,45.12,240,10829
2026-01-02 10:09:04,45.12,227,10242
2026-01-02 10:09:05,45.12,224,10107
2026-01-02 10:09:06,45.12,236,10648
2026-01-02 10:09:07,45.12,209,9430
2026-01-02 10:09:08,45.12,234,10558
2026-01-02 10:09:09,45.12,209,9430
2026-01-02 10:09:10,45.12,218,9836
2026-01-02 10:09:11,45.12,213,9611
2026-01-02 10:09:12,45.12,251,11325
2026-01-02 10:09:13,45.12,250,11280
2026-01-02 10:09:14,45.12,242,10919
2026-01-02 10:09:15,45.12,252,11370
2026-01-02 10:09:16,45.12,248,11190
2026-01-02 10:09:17,45.12,247,11145
2026-01-02 10:09:18,45.12,236,10648
2026-01-02 10:09:19,45.12,248,11190
2026-01-02 10:09:20,45.12,249,11235
2026-01-02 10:09:21,45.12,229,10332
2026-01-02 10:09:22,45.12,222,10017
2026-01-02 10:09:23,45.12,263,11867
2026-01-02 10:09:24,45.12,226,10197
2026-01-02 10:09:25,45.12,207,9340
2026-01-02 10:09:26,45.12,242,10919
2026-01-02 10:09:27,45.12,202,9114
2026-01-02 10:09:28,45.12,223,10062
2026-01-02 10:09:29,45.12,222,10017
2026-01-02 10:09:30,45.12,242,10919
2026-01-02 10:09:31,45.12,256,11551
2026-01-02 10:09:32,45.12,230,10378
2026-01-02 10:09:33,45.12,266,12002
2026-01-02 10:09:34,45.12,239,10784
2026-01-02 10:09:35,45.12,256,11551
2026-01-02 10:09:36,45.12,224,10107
2026-01-02 10:09:37,45.12,239,10784
2026-01-02 10:09:38,45.12,249,11235
2026-01-02 10:09:39,45.12,230,10378
2026-01-02 10:09:40,45.12,241,10874
2026-01-02 10:09:41,45.12,236,10648
2026-01-02 10:09:42,45.12,229,10332
2026-01-02 10:09:43,45.12,251,11325
2026-01-02 10:09:44,45.12,232,10468
2026-01-02 10:09:45,45.12,214,9656
2026-01-02 10:09:46,45.12,223,10062
2026-01-02 10:09:47,45.12,239,10784
2026-01-02 10:09:48,45.12,219,9881
2026-01-02 10:09:49,45.12,218,9836
2026-01-02 10:09:50,45.12,233,10513
2026-01-02 10:09:51,45.12,236,10648
2026-01-02 10:09:52,45.12,230,10378
2026-01-02 10:09:53,45.12,232,10468
2026-01-02 10:09:54,45.12,215,9701
2026-01-02 10:09:55,45.12,247,11145
2026-01-02 10:09:56,45.12,237,10693
2026-01-02 10:09:57,45.12,216,9746
2026-01-02 10:09:58,45.12,230,10378
2026-01-02 10:09:59,45.12,262,11821
2026-01-02 10:10:00,45.12,249,11235
2026-01-02 10:10:01,45.12,209,9430
2026-01-02 10:10:02,45.12,237,10693
2026-01-02 10:10:03,45.12,227,10242
2026-01-02 10:10:04,45.12,207,9340
2026-01-02 10:10:05,45.12,240,10829
2026-01-02 10:10:06,45.12,215,9701
2026-01-02 10:10:07,45.12,238,10739
2026-01-02 10:10:08,45.12,215,9701
2026-01-02 10:10:09,45.12,255,11506
2026-01-02 10:10:10,45.12,273,12318
2026-01-02 10:10:11,45.12,246,11100
2026-01-02 10:10:12,45.12,238,10739
2026-01-02 10:10:13,45.12,244,11009
2026-01-02 10:10:14,45.12,243,10964
2026-01-02 10:10:15,45.12,204,9204
2026-01-02 10:10:16,45.12,221,9972
2026-01-02 10:10:17,45.12,195,8798
2026-01-02 10:10:18,45.12,253,11415
2026-01-02 10:10:19,45.12,251,11325
2026-01-02 10:10:20,45.12,234,10558
2026-01-02 10:10:21,45.12,236,10648
2026-01-02 10:10:22,45.12,230,10378
2026-01-02 10:10:23,45.12,247,11145
2026-01-02 10:10:24,45.12,250,11280
2026-01-02 10:10:25,45.12,263,11867
2026-01-02 10:10:26,45.12,237,10693
2026-01-02 10:10:27,45.12,245,11054
2026-01-02 10:10:28,45.12,234,10558
2026-01-02 10:10:29,45.12,238,10739
2026-01-02 10:10:30,45.12,223,10062
2026-01-02 10:10:31,45.12,219,9881
2026-01-02 10:10:32,45.12,231,10423
2026-01-02 10:10:33,45.12,230,10378
2026-01-02 10:10:34,45.12,224,10107
2026-01-02 10:10:35,45.12,223,10062
2026-01-02 10:10:36,45.12,221,9972
2026-01-02 10:10:37,45.12,232,10468
2026-01-02 10:10:38,45.12,211,9520
2026-01-02 10:10:39,45.12,250,11280
2026-01-02 10:10:40,45.12,260,11731
2026-01-02 10:10:41,45.12,244,11009
2026-01-02 10:10:42,45.12,220,9926
2026-01-02 10:10:43,45.12,261,11776
2026-01-02 10:10:44,45.12,217,9791
2026-01-02 10:10:45,45.12,242,10919
2026-01-02 10:10:46,45.12,238,10739
2026-01-02 10:10:47,45.12,231,10423
2026-01-02 10:10:48,45.12,229,10332
2026-01-02 10:10:49,45.12,219,9881
2026-01-02 10:10:50,45.12,208,9385
2026-01-02 10:10:51,45.12,224,10107
2026-01-02 10:10:52,45.12,224,10107
2026-01-02 10:10:53,45.12,225,10152
2026-01-02 10:10:54,45.12,223,10062
2026-01-02 10:10:55,45.12,217,9791
2026-01-02 10:10:56,45.12,224,10107
2026-01-02 10:10:57,45.12,244,11009
2026-01-02 10:10:58,45.12,215,9701
2026-01-02 10:10:59,45.12,260,11731
2026-01-02 10:11:00,45.12,277,12498
2026-01-02 10:11:01,45.12,221,9972
2026-01-02 10:11:02,45.12,201,9069
2026-01-02 10:11:03,45.12,217,9791
2026-01-02 10:11:04,45.12,250,11280
2026-01-02 10:11:05,45.12,213,9611
2026-01-02 10:11:06,45.12,216,9746
2026-01-02 10:11:07,45.12,228,10287
2026-01-02 10:11:08,45.12,226,10197
2026-01-02 10:11:09,45.12,239,10784
2026-01-02 10:11:10,45.12,221,9972
2026-01-02 10:11:11,45.12,220,9926
2026-01-02 10:11:12,45.12,231,10423
2026-01-02 10:11:13,45.12,228,10287
2026-01-02 10:11:14,45.12,238,10739
2026-01-02 10:11:15,45.12,235,10603
2026-01-02 10:11:16,45.12,223,10062
2026-01-02 10:11:17,45.12,227,10242
2026-01-02 10:11:18,45.12,206,9295
2026-01-02 10:11:19,45.12,186,8392
2026-01-02 10:11:20,45.12,233,10513
2026-01-02 10:11:21,45.12,243,10964
2026-01-02 10:11:22,45.12,219,9881
2026-01-02 10:11:23,45.12,230,10378
2026-01-02 10:11:24,45.12,223,10062
2026-01-02 10:11:25,45.12,223,10062
2026-01-02 10:11:26,45.12,230,10378
2026-01-02 10:11:27,45.12,234,10558
2026-01-02 10:11:28,45.12,230,10378
2026-01-02 10:11:29,45.12,230,10378
2026-01-02 10:11:30,45.12,217,9791
2026-01-02 10:11:31,45.12,231,10423
2026-01-02 10:11:32,45.12,223,10062
2026-01-02 10:11:33,45.12,219,9881
2026-01-02 10:11:34,45.12,217,9791
2026-01-02 10:11:35,45.12,240,10829
2026-01-02 10:11:36,45.12,213,9611
2026-01-02 10:11:37,45.12,240,10829
2026-01-02 10:11:38,45.12,221,9972
2026-01-02 10:11:39,45.12,212,9565
2026-01-02 10:11:40,45.12,250,11280
2026-01-02 10:11:41,45.12,241,10874
2026-01-02 10:11:42,45.12,230,10378
2026-01-02 10:11:43,45.12,222,10017
2026-01-02 10:11:44,45.12,230,10378
2026-01-02 10:11:45,45.12,192,8663
2026-01-02 10:11:46,45.12,254,11460
2026-01-02 10:11:47,45.12,249,11235
2026-01-02 10:11:48,45.12,223,10062
2026-01-02 10:11:49,45.12,227,10242
2026-01-02 10:11:50,45.12,236,10648
2026-01-02 10:11:51,45.12,225,10152
2026-01-02 10:11:52,45.12,250,11280
2026-01-02 10:11:53,45.12,232,10468
2026-01-02 10:11:54,45.12,213,9611
2026-01-02 10:11:55,45.12,200,9024
2026-01-02 10:11:56,45.12,283,12769
2026-01-02 10:11:57,45.07,194,8744
2026-01-02 10:11:58,45.03,242,10897
2026-01-02 10:11:59,45.04,255,11485
2026-01-02 10:12:00,45.12,224,10107
2026-01-02 10:12:01,45.06,218,9823
2026-01-02 10:12:02,45.10,247,11140
2026-01-02 10:12:03,45.12,205,9250
2026-01-02 10:12:04,45.12,218,9836
2026-01-02 10:12:05,45.12,231,10423
2026-01-02 10:12:06,45.12,205,9250
2026-01-02 10:12:07,45.12,224,10107
2026-01-02 10:12:08,45.12,238,10739
2026-01-02 10:12:09,45.12,225,10152
2026-01-02 10:12:10,45.12,227,10242
2026-01-02 10:12:11,45.12,225,10152
2026-01-02 10:12:12,45.12,217,9791
2026-01-02 10:12:13,45.12,230,10378
2026-01-02 10:12:14,45.12,228,10287
2026-01-02 10:12:15,45.12,236,10648
2026-01-02 10:12:16,45.12,225,10152
2026-01-02 10:12:17,45.12,250,11280
2026-01-02 10:12:18,45.12,236,10648
2026-01-02 10:12:19,45.12,232,10468
2026-01-02 10:12:20,45.12,222,10017
2026-01-02 10:12:21,45.12,223,10062
2026-01-02 10:12:22,45.12,230,10378
2026-01-02 10:12:23,45.12,231,10423
2026-01-02 10:12:24,45.12,224,10107
2026-01-02 10:12:25,45.12,224,10107
2026-01-02 10:12:26,45.12,225,10152
2026-01-02 10:12:27,45.12,223,10062
2026-01-02 10:12:28,45.12,203,9159
2026-01-02 10:12:29,45.12,217,9791
2026-01-02 10:12:30,45.12,220,9926
2026-01-02 10:12:31,45.12,265,11957
2026-01-02 10:12:32,45.12,219,9881
2026-01-02 10:12:33,45.12,229,10332
2026-01-02 10:12:34,45.12,245,11054
2026-01-02 10:12:35,45.12,250,11280
2026-01-02 10:12:36,45.12,190,8573
2026-01-02 10:12:37,45.12,231,10423
2026-01-02 10:12:38,45.12,217,9791
2026-01-02 10:12:39,45.12,213,9611
2026-01-02 10:12:40,45.12,236,10648
2026-01-02 10:12:41,45.12,228,10287
2026-01-02 10:12:42,45.12,240,10829
2026-01-02 10:12:43,45.12,228,10287
2026-01-02 10:12:44,45.12,220,9926
2026-01-02 10:12:45,45.12,228,10287
2026-01-02 10:12:46,45.12,227,10242
2026-01-02 10:12:47,45.12,224,10107
2026-01-02 10:12:48,45.12,208,9385
2026-01-02 10:12:49,45.12,196,8844
2026-01-02 10:12:50,45.12,222,10017
2026-01-02 10:12:51,45.12,236,10648
2026-01-02 10:12:52,45.12,250,11280
2026-01-02 10:12:53,45.12,238,10739
2026-01-02 10:12:54,45.12,219,9881
2026-01-02 10:12:55,45.12,220,9926
2026-01-02 10:12:56,45.12,243,10964
2026-01-02 10:12:57,45.12,218,9836
2026-01-02 10:12:58,45.12,228,10287
2026-01-02 10:12:59,45.12,223,10062
2026-01-02 10:13:00,45.12,223,10062
2026-01-02 10:13:01,45.12,247,11145
2026-01-02 10:13:02,45.12,203,9159
2026-01-02 10:13:03,45.12,230,10378
2026-01-02 10:13:04,45.12,220,9926
2026-01-02 10:13:05,45.12,246,11100
2026-01-02 10:13:06,45.12,232,10468
2026-01-02 10:13:07,45.12,229,10332
2026-01-02 10:13:08,45.12,216,9746
2026-01-02 10:13:09,45.12,220,9926
2026-01-02 10:13:10,45.12,228,10287
2026-01-02 10:13:11,45.12,237,10693
2026-01-02 10:13:12,45.12,255,11506
2026-01-02 10:13:13,45.12,228,10287
2026-01-02 10:13:14,45.12,214,9656
2026-01-02 10:13:15,45.12,196,8844
2026-01-02 10:13:16,45.12,220,9926
2026-01-02 10:13:17,45.12,225,10152
2026-01-02 10:13:18,45.12,238,10739
2026-01-02 10:13:19,45.12,214,9656
2026-01-02 10:13:20,45.12,227,10242
2026-01-02 10:13:21,45.12,219,9881
2026-01-02 10:13:22,45.12,229,10332
2026-01-02 10:13:23,45.12,220,9926
2026-01-02 10:13:24,45.12,220,9926
2026-01-02 10:13:25,45.12,208,9385
2026-01-02 10:13:26,45.12,246,11100
2026-01-02 10:13:27,45.12,224,10107
2026-01-02 10:13:28,45.12,245,11054
2026-01-02 10:13:29,45.12,231,10423
2026-01-02 10:13:30,45.12,239,10784
2026-01-02 10:13:31,45.12,234,10558
2026-01-02 10:13:32,45.12,245,11054
2026-01-02 10:13:33,45.12,189,8528
2026-01-02 10:13:34,45.12,218,9836
2026-01-02 10:13:35,45.12,241,10874
2026-01-02 10:13:36,45.12,244,11009
2026-01-02 10:13:37,45.12,241,10874
2026-01-02 10:13:38,45.12,229,10332
2026-01-02 10:13:39,45.12,229,10332
2026-01-02 10:13:40,45.12,201,9069
2026-01-02 10:13:41,45.12,229,10332
2026-01-02 10:13:42,45.12,208,9385
2026-01-02 10:13:43,45.12,237,10693
2026-01-02 10:13:44,45.12,210,9475
2026-01-02 10:13:45,45.12,231,10423
2026-01-02 10:13:46,45.12,212,9565
2026-01-02 10:13:47,45.12,220,9926
2026-01-02 10:13:48,45.12,232,10468
2026-01-02 10:13:49,45.12,219,9881
2026-01-02 10:13:50,45.12,214,9656
2026-01-02 10:13:51,45.12,208,9385
2026-01-02 10:13:52,45.12,222,10017
2026-01-02 10:13:53,45.12,231,10423
2026-01-02 10:13:54,45.12,224,10107
2026-01-02 10:13:55,45.12,229,10332
2026-01-02 10:13:56,45.12,216,9746
2026-01-02 10:13:57,45.12,235,10603
2026-01-02 10:13:58,45.12,228,10287
2026-01-02 10:13:59,45.12,230,10378
2026-01-02 10:14:00,45.12,219,9881
2026-01-02 10:14:01,45.12,253,11415
2026-01-02 10:14:02,45.12,243,10964
2026-01-02 10:14:03,45.12,226,10197
2026-01-02 10:14:04,45.12,230,10378
2026-01-02 10:14:05,45.12,216,9746
2026-01-02 10:14:06,45.12,203,9159
2026-01-02 10:14:07,45.12,225,10152
2026-01-02 10:14:08,45.12,234,10558
2026-01-02 10:14:09,45.12,209,9430
2026-01-02 10:14:10,45.12,211,9520
2026-01-02 10:14:11,45.12,236,10648
2026-01-02 10:14:12,45.12,225,10152
2026-01-02 10:14:13,45.12,210,9475
2026-01-02 10:14:14,45.12,251,11325
2026-01-02 10:14:15,45.12,253,11415
2026-01-02 10:14:16,45.12,223,10062
2026-01-02 10:14:17,45.12,246,11100
2026-01-02 10:14:18,45.12,237,10693
2026-01-02 10:14:19,45.12,243,10964
2026-01-02 10:14:20,45.12,217,9791
2026-01-02 10:14:21,45.12,231,10423
2026-01-02 10:14:22,45.12,237,10693
2026-01-02 10:14:23,45.12,233,10513
2026-01-02 10:14:24,45.12,222,10017
2026-01-02 10:14:25,45.12,199,8979
2026-01-02 10:14:26,45.12,228,10287
2026-01-02 10:14:27,45.12,202,9114
2026-01-02 10:14:28,45.12,193,8708
2026-01-02 10:14:29,45.12,206,9295
2026-01-02 10:14:30,45.12,214,9656
2026-01-02 10:14:31,45.12,202,9114
2026-01-02 10:14:32,45.12,233,10513
2026-01-02 10:14:33,45.12,229,10332
2026-01-02 10:14:34,45.12,202,9114
2026-01-02 10:14:35,45.12,241,10874
2026-01-02 10:14:36,45.12,209,9430
2026-01-02 10:14:37,45.12,206,9295
2026-01-02 10:14:38,45.12,225,10152
2026-01-02 10:14:39,45.12,233,10513
2026-01-02 10:14:40,45.12,212,9565
2026-01-02 10:14:41,45.12,208,9385
2026-01-02 10:14:42,45.12,229,10332
2026-01-02 10:14:43,45.12,210,9475
2026-01-02 10:14:44,45.12,197,8889
2026-01-02 10:14:45,45.12,244,11009
2026-01-02 10:14:46,45.12,229,10332
2026-01-02 10:14:47,45.12,199,8979
2026-01-02 10:14:48,45.12,202,9114
2026-01-02 10:14:49,45.12,225,10152
2026-01-02 10:14:50,45.12,209,9430
2026-01-02 10:14:51,45.12,223,10062
2026-01-02 10:14:52,45.12,225,10152
2026-01-02 10:14:53,45.12,210,9475
2026-01-02 10:14:54,45.12,237,10693
2026-01-02 10:14:55,45.12,228,10287
2026-01-02 10:14:56,45.12,230,10378
2026-01-02 10:14:57,45.12,227,10242
2026-01-02 10:14:58,45.12,224,10107
2026-01-02 10:14:59,45.12,223,10062
2026-01-02 10:15:00,45.12,224,10107
2026-01-02 10:15:01,45.12,232,10468
2026-01-02 10:15:02,45.12,212,9565
2026-01-02 10:15:03,45.12,233,10513
2026-01-02 10:15:04,45.12,196,8844
2026-01-02 10:15:05,45.12,213,9611
2026-01-02 10:15:06,45.12,190,8573
2026-01-02 10:15:07,45.12,199,8979
2026-01-02 10:15:08,45.12,233,10513
2026-01-02 10:15:09,45.12,232,10468
2026-01-02 10:15:10,45.12,240,10829
2026-01-02 10:15:11,45.12,202,9114
2026-01-02 10:15:12,45.12,250,11280
2026-01-02 10:15:13,45.12,245,11054
2026-01-02 10:15:14,45.12,234,10558
2026-01-02 10:15:15,45.12,221,9972
2026-01-02 10:15:16,45.12,239,10784
2026-01-02 10:15:17,45.12,218,9836
2026-01-02 10:15:18,45.12,197,8889
2026-01-02 10:15:19,45.12,226,10197
2026-01-02 10:15:20,45.12,224,10107
2026-01-02 10:15:21,45.12,217,9791
2026-01-02 10:15:22,45.12,219,9881
2026-01-02 10:15:23,45.12,224,10107
2026-01-02 10:15:24,45.12,227,10242
2026-01-02 10:15:25,45.12,228,10287
2026-01-02 10:15:26,45.12,194,8753
2026-01-02 10:15:27,45.12,195,8798
2026-01-02 10:15:28,45.12,248,11190
2026-01-02 10:15:29,45.12,234,10558
2026-01-02 10:15:30,45.12,205,9250
2026-01-02 10:15:31,45.12,182,8212
2026-01-02 10:15:32,45.12,255,11506
2026-01-02 10:15:33,45.12,195,8798
2026-01-02 10:15:34,45.12,215,9701
2026-01-02 10:15:35,45.12,254,11460
2026-01-02 10:15:36,45.12,223,10062
2026-01-02 10:15:37,45.12,209,9430
2026-01-02 10:15:38,45.12,207,9340
2026-01-02 10:15:39,45.12,204,9204
2026-01-02 10:15:40,45.12,222,10017
2026-01-02 10:15:41,45.12,220,9926
2026-01-02 10:15:42,45.12,239,10784
2026-01-02 10:15:43,45.12,194,8753
2026-01-02 10:15:44,45.12,229,10332
2026-01-02 10:15:45,45.12,211,9520
2026-01-02 10:15:46,45.12,213,9611
2026-01-02 10:15:47,45.12,219,9881
2026-01-02 10:15:48,45.12,235,10603
2026-01-02 10:15:49,45.12,201,9069
2026-01-02 10:15:50,45.12,229,10332
2026-01-02 10:15:51,45.12,220,9926
2026-01-02 10:15:52,45.12,213,9611
2026-01-02 10:15:53,45.12,223,10062
2026-01-02 10:15:54,45.12,229,10332
2026-01-02 10:15:55,45.12,235,10603
2026-01-02 10:15:56,45.12,217,9791
2026-01-02 10:15:57,45.12,216,9746
2026-01-02 10:15:58,45.12,191,8618
2026-01-02 10:15:59,45.12,233,10513
2026-01-02 10:16:00,45.12,218,9836
2026-01-02 10:16:01,45.12,206,9295
2026-01-02 10:16:02,45.12,227,10242
2026-01-02 10:16:03,45.12,238,10739
2026-01-02 10:16:04,45.12,191,8618
2026-01-02 10:16:05,45.12,209,9430
2026-01-02 10:16:06,45.12,231,10423
2026-01-02 10:16:07,45.12,199,8979
2026-01-02 10:16:08,45.12,221,9972
2026-01-02 10:16:09,45.12,219,9881
2026-01-02 10:16:10,45.12,221,9972
2026-01-02 10:16:11,45.12,216,9746
2026-01-02 10:16:12,45.12,228,10287
2026-01-02 10:16:13,45.12,223,10062
2026-01-02 10:16:14,45.12,222,10017
2026-01-02 10:16:15,45.12,231,10423
2026-01-02 10:16:16,45.12,225,10152
2026-01-02 10:16:17,45.12,208,9385
2026-01-02 10:16:18,45.12,224,10107
2026-01-02 10:16:19,45.12,204,9204
2026-01-02 10:16:20,45.12,206,9295
2026-01-02 10:16:21,45.12,180,8122
