timestamp,price,volume,amount
2026-01-02 09:30:00,336.75,322,108434
2026-01-02 09:30:01,335.48,306,102657
2026-01-02 09:30:02,336.12,300,100836
2026-01-02 09:30:03,337.10,317,106861
2026-01-02 09:30:04,337.32,310,104569
2026-01-02 09:30:05,337.76,346,116865
2026-01-02 09:30:06,337.90,322,108804
2026-01-02 09:30:07,337.27,323,108938
2026-01-02 09:30:08,337.11,314,105853
2026-01-02 09:30:09,338.45,329,111350
2026-01-02 09:30:10,335.30,312,104614
2026-01-02 09:30:11,334.03,319,106556
2026-01-02 09:30:12,334.54,284,95009
2026-01-02 09:30:13,334.19,319,106607
2026-01-02 09:30:14,332.44,318,105716
2026-01-02 09:30:15,333.20,348,115954
2026-01-02 09:30:16,334.63,285,95370
2026-01-02 09:30:17,335.59,334,112087
2026-01-02 09:30:18,338.04,301,101750
2026-01-02 09:30:19,334.68,306,102412
2026-01-02 09:30:20,335.32,287,96237
2026-01-02 09:30:21,334.97,344,115230
2026-01-02 09:30:22,334.57,314,105055
2026-01-02 09:30:23,333.18,338,112615
2026-01-02 09:30:24,335.30,315,105620
2026-01-02 09:30:25,334.15,317,105926
2026-01-02 09:30:26,333.29,279,92988
2026-01-02 09:30:27,332.44,301,100064
2026-01-02 09:30:28,332.44,317,105383
2026-01-02 09:30:29,332.44,312,103721
2026-01-02 09:30:30,332.44,315,104719
2026-01-02 09:30:31,332.44,290,96408
2026-01-02 09:30:32,332.44,299,99400
2026-01-02 09:30:33,332.44,334,111035
2026-01-02 09:30:34,332.44,277,92086
2026-01-02 09:30:35,332.44,349,116022
2026-01-02 09:30:36,332.44,274,91089
2026-01-02 09:30:37,332.44,304,101062
2026-01-02 09:30:38,332.44,271,90091
2026-01-02 09:30:39,332.44,312,103721
2026-01-02 09:30:40,332.44,311,103389
2026-01-02 09:30:41,332.44,321,106713
2026-01-02 09:30:42,332.44,324,107711
2026-01-02 09:30:43,332.44,302,100397
2026-01-02 09:30:44,332.44,318,105716
2026-01-02 09:30:45,332.44,316,105051
2026-01-02 09:30:46,332.92,327,108865
2026-01-02 09:30:47,332.44,286,95078
2026-01-02 09:30:48,332.44,342,113694
2026-01-02 09:30:49,332.94,288,95887
2026-01-02 09:30:50,334.52,329,110057
2026-01-02 09:30:51,334.09,305,101897
2026-01-02 09:30:52,335.46,331,111037
2026-01-02 09:30:53,334.78,317,106125
2026-01-02 09:30:54,332.44,349,116022
2026-01-02 09:30:55,332.44,311,103389
2026-01-02 09:30:56,332.44,300,99732
2026-01-02 09:30:57,332.44,295,98070
2026-01-02 09:30:58,332.44,326,108375
2026-01-02 09:30:59,332.44,298,99067
2026-01-02 09:31:00,332.44,265,88097
2026-01-02 09:31:01,332.44,298,99067
2026-01-02 09:31:02,332.44,317,105383
2026-01-02 09:31:03,332.44,319,106048
2026-01-02 09:31:04,332.44,329,109373
2026-01-02 09:31:05,332.44,305,101394
2026-01-02 09:31:06,332.44,333,110703
2026-01-02 09:31:07,332.44,335,111367
2026-01-02 09:31:08,332.44,319,106048
2026-01-02 09:31:09,332.44,319,106048
2026-01-02 09:31:10,332.44,326,108375
2026-01-02 09:31:11,332.44,280,93083
2026-01-02 09:31:12,332.44,288,95743
2026-01-02 09:31:13,332.44,311,103389
2026-01-02 09:31:14,332.44,303,100729
2026-01-02 09:31:15,332.44,315,104719
2026-01-02 09:31:16,332.44,298,99067
2026-01-02 09:31:17,332.44,308,102392
2026-01-02 09:31:18,332.44,279,92751
2026-01-02 09:31:19,332.44,308,102392
2026-01-02 09:31:20,332.44,295,98070
2026-01-02 09:31:21,332.44,319,106048
2026-01-02 09:31:22,332.44,285,94745
2026-01-02 09:31:23,332.44,287,95410
2026-01-02 09:31:24,332.44,299,99400
2026-01-02 09:31:25,332.44,312,103721
2026-01-02 09:31:26,332.44,310,103056
2026-01-02 09:31:27,332.44,277,92086
2026-01-02 09:31:28,332.44,320,106381
2026-01-02 09:31:29,332.44,323,107378
2026-01-02 09:31:30,332.44,302,100397
2026-01-02 09:31:31,332.44,302,100397
2026-01-02 09:31:32,332.44,307,102059
2026-01-02 09:31:33,332.44,310,103056
2026-01-02 09:31:34,332.44,311,103389
2026-01-02 09:31:35,332.44,320,106381
2026-01-02 09:31:36,332.44,303,100729
2026-01-02 09:31:37,332.44,303,100729
2026-01-02 09:31:38,332.44,283,94081
2026-01-02 09:31:39,332.44,297,98735
2026-01-02 09:31:40,332.44,311,103389
2026-01-02 09:31:41,332.44,315,104719
2026-01-02 09:31:42,332.44,342,113694
2026-01-02 09:31:43,332.44,281,93416
2026-01-02 09:31:44,332.44,288,95743
2026-01-02 09:31:45,332.44,290,96408
2026-01-02 09:31:46,332.44,318,105716
2026-01-02 09:31:47,332.44,273,90756
2026-01-02 09:31:48,332.44,334,111035
2026-01-02 09:31:49,332.44,306,101727
2026-01-02 09:31:50,332.44,321,106713
2026-01-02 09:31:51,332.44,307,102059
2026-01-02 09:31:52,332.44,348,115689
2026-01-02 09:31:53,332.44,301,100064
2026-01-02 09:31:54,332.44,286,95078
2026-01-02 09:31:55,332.44,288,95743
2026-01-02 09:31:56,332.44,319,106048
2026-01-02 09:31:57,332.44,317,105383
2026-01-02 09:31:58,332.44,341,113362
2026-01-02 09:31:59,332.44,282,93748
2026-01-02 09:32:00,332.44,271,90091
2026-01-02 09:32:01,332.44,297,98735
2026-01-02 09:32:02,332.44,304,101062
2026-01-02 09:32:03,332.44,305,101394
2026-01-02 09:32:04,332.44,304,101062
2026-01-02 09:32:05,332.44,319,106048
2026-01-02 09:32:06,332.44,311,103389
2026-01-02 09:32:07,332.44,274,91089
2026-01-02 09:32:08,332.44,301,100064
2026-01-02 09:32:09,332.44,307,102059
2026-01-02 09:32:10,332.44,284,94413
2026-01-02 09:32:11,332.44,299,99400
2026-01-02 09:32:12,332.44,316,105051
2026-01-02 09:32:13,332.44,309,102724
2026-01-02 09:32:14,332.44,285,94745
2026-01-02 09:32:15,332.44,312,103721
2026-01-02 09:32:16,332.44,328,109040
2026-01-02 09:32:17,332.44,328,109040
2026-01-02 09:32:18,332.44,300,99732
2026-01-02 09:32:19,332.44,296,98402
2026-01-02 09:32:20,332.44,280,93083
2026-01-02 09:32:21,332.44,305,101394
2026-01-02 09:32:22,332.44,290,96408
2026-01-02 09:32:23,332.44,311,103389
2026-01-02 09:32:24,332.44,304,101062
2026-01-02 09:32:25,332.44,318,105716
2026-01-02 09:32:26,332.44,313,104054
2026-01-02 09:32:27,332.44,294,97737
2026-01-02 09:32:28,332.44,322,107046
2026-01-02 09:32:29,332.44,327,108708
2026-01-02 09:32:30,332.44,291,96740
2026-01-02 09:32:31,332.44,290,96408
2026-01-02 09:32:32,332.44,291,96740
2026-01-02 09:32:33,332.44,331,110038
2026-01-02 09:32:34,332.44,294,97737
2026-01-02 09:32:35,332.44,301,100064
2026-01-02 09:32:36,332.44,319,106048
2026-01-02 09:32:37,332.44,313,104054
2026-01-02 09:32:38,332.44,328,109040
2026-01-02 09:32:39,332.44,278,92418
2026-01-02 09:32:40,332.44,311,103389
2026-01-02 09:32:41,332.44,283,94081
2026-01-02 09:32:42,332.44,278,92418
2026-01-02 09:32:43,332.44,294,97737
2026-01-02 09:32:44,332.44,299,99400
2026-01-02 09:32:45,332.44,334,111035
2026-01-02 09:32:46,332.44,282,93748
2026-01-02 09:32:47,332.44,302,100397
2026-01-02 09:32:48,332.44,300,99732
2026-01-02 09:32:49,332.44,293,97405
2026-01-02 09:32:50,332.44,321,106713
2026-01-02 09:32:51,332.44,316,105051
2026-01-02 09:32:52,332.44,303,100729
2026-01-02 09:32:53,332.44,280,93083
2026-01-02 09:32:54,332.44,328,109040
2026-01-02 09:32:55,332.44,325,108043
2026-01-02 09:32:56,332.44,287,95410
2026-01-02 09:32:57,332.44,297,98735
2026-01-02 09:32:58,332.44,292,97072
2026-01-02 09:32:59,332.44,310,103056
2026-01-02 09:33:00,332.44,285,94745
2026-01-02 09:33:01,332.44,301,100064
2026-01-02 09:33:02,332.44,335,111367
2026-01-02 09:33:03,332.44,305,101394
2026-01-02 09:33:04,332.44,257,85437
2026-01-02 09:33:05,332.44,296,98402
2026-01-02 09:33:06,332.44,320,106381
2026-01-02 09:33:07,332.44,302,100397
2026-01-02 09:33:08,332.44,283,94081
2026-01-02 09:33:09,332.44,314,104386
2026-01-02 09:33:10,332.44,264,87764
2026-01-02 09:33:11,332.44,342,113694
2026-01-02 09:33:12,332.44,263,87432
2026-01-02 09:33:13,332.44,313,104054
2026-01-02 09:33:14,332.44,295,98070
2026-01-02 09:33:15,332.44,280,93083
2026-01-02 09:33:16,332.44,299,99400
2026-01-02 09:33:17,332.44,324,107711
2026-01-02 09:33:18,332.44,292,97072
2026-01-02 09:33:19,332.44,284,94413
2026-01-02 09:33:20,332.44,294,97737
2026-01-02 09:33:21,332.44,298,99067
2026-01-02 09:33:22,332.44,316,105051
2026-01-02 09:33:23,332.44,308,102392
2026-01-02 09:33:24,332.44,319,106048
2026-01-02 09:33:25,332.44,278,92418
2026-01-02 09:33:26,332.44,308,102392
2026-01-02 09:33:27,332.44,290,96408
2026-01-02 09:33:28,332.44,293,97405
2026-01-02 09:33:29,332.44,266,88429
2026-01-02 09:33:30,332.44,305,101394
2026-01-02 09:33:31,332.44,312,103721
2026-01-02 09:33:32,332.44,314,104386
2026-01-02 09:33:33,332.44,310,103056
2026-01-02 09:33:34,332.44,322,107046
2026-01-02 09:33:35,332.44,298,99067
2026-01-02 09:33:36,332.44,295,98070
2026-01-02 09:33:37,332.44,315,104719
2026-01-02 09:33:38,332.44,305,101394
2026-01-02 09:33:39,332.44,317,105383
2026-01-02 09:33:40,332.44,303,100729
2026-01-02 09:33:41,332.44,293,97405
2026-01-02 09:33:42,332.44,257,85437
2026-01-02 09:33:43,332.44,307,102059
2026-01-02 09:33:44,332.44,289,96075
2026-01-02 09:33:45,332.44,306,101727
2026-01-02 09:33:46,332.44,292,97072
2026-01-02 09:33:47,332.44,290,96408
2026-01-02 09:33:48,332.44,310,103056
2026-01-02 09:33:49,332.44,316,105051
2026-01-02 09:33:50,332.44,306,101727
2026-01-02 09:33:51,332.44,280,93083
2026-01-02 09:33:52,332.44,316,105051
2026-01-02 09:33:53,332.44,311,103389
2026-01-02 09:33:54,332.44,317,105383
2026-01-02 09:33:55,332.44,294,97737
2026-01-02 09:33:56,332.44,326,108375
2026-01-02 09:33:57,332.44,299,99400
2026-01-02 09:33:58,332.44,283,94081
2026-01-02 09:33:59,332.44,287,95410
2026-01-02 09:34:00,332.44,292,97072
2026-01-02 09:34:01,332.44,324,107711
2026-01-02 09:34:02,332.44,249,82778
2026-01-02 09:34:03,332.44,278,92418
2026-01-02 09:34:04,332.44,282,93748
2026-01-02 09:34:05,332.44,293,97405
2026-01-02 09:34:06,332.44,295,98070
2026-01-02 09:34:07,332.44,313,104054
2026-01-02 09:34:08,332.44,307,102059
2026-01-02 09:34:09,332.44,292,97072
2026-01-02 09:34:10,332.50,361,120032
2026-01-02 09:34:11,332.52,277,92108
2026-01-02 09:34:12,335.14,297,99537
2026-01-02 09:34:13,334.06,356,118925
2026-01-02 09:34:14,337.07,277,93368
2026-01-02 09:34:15,338.53,313,105960
2026-01-02 09:34:16,339.23,301,102108
2026-01-02 09:34:17,339.23,278,94306
2026-01-02 09:34:18,339.23,296,100412
2026-01-02 09:34:19,339.23,292,99055
2026-01-02 09:34:20,339.18,297,100736
2026-01-02 09:34:21,337.71,296,99962
2026-01-02 09:34:22,339.00,303,102717
2026-01-02 09:34:23,339.23,307,104144
2026-01-02 09:34:24,339.23,313,106179
2026-01-02 09:34:25,339.23,312,105840
2026-01-02 09:34:26,339.23,270,91592
2026-01-02 09:34:27,339.23,306,103804
2026-01-02 09:34:28,339.23,312,105840
2026-01-02 09:34:29,339.23,311,105501
2026-01-02 09:34:30,339.23,315,106857
2026-01-02 09:34:31,339.23,291,98716
2026-01-02 09:34:32,339.23,338,114660
2026-01-02 09:34:33,339.23,282,95663
2026-01-02 09:34:34,339.23,300,101769
2026-01-02 09:34:35,339.23,307,104144
2026-01-02 09:34:36,339.23,296,100412
2026-01-02 09:34:37,339.23,288,97698
2026-01-02 09:34:38,339.23,326,110589
2026-01-02 09:34:39,339.23,290,98377
2026-01-02 09:34:40,339.23,306,103804
2026-01-02 09:34:41,339.23,255,86504
2026-01-02 09:34:42,339.23,311,105501
2026-01-02 09:34:43,339.23,305,103465
2026-01-02 09:34:44,339.23,306,103804
2026-01-02 09:34:45,339.23,274,92949
2026-01-02 09:34:46,339.23,295,100073
2026-01-02 09:34:47,339.23,289,98037
2026-01-02 09:34:48,339.23,283,96002
2026-01-02 09:34:49,339.23,285,96681
2026-01-02 09:34:50,339.23,322,109232
2026-01-02 09:34:51,339.23,308,104483
2026-01-02 09:34:52,339.23,301,102108
2026-01-02 09:34:53,339.23,307,104144
2026-01-02 09:34:54,339.23,311,105501
2026-01-02 09:34:55,339.23,288,97698
2026-01-02 09:34:56,339.23,293,99394
2026-01-02 09:34:57,339.23,266,90235
2026-01-02 09:34:58,339.23,320,108554
2026-01-02 09:34:59,339.23,290,98377
2026-01-02 09:35:00,339.23,289,98037
2026-01-02 09:35:01,339.23,318,107875
2026-01-02 09:35:02,339.23,301,102108
2026-01-02 09:35:03,339.23,299,101430
2026-01-02 09:35:04,339.23,308,104483
2026-01-02 09:35:05,339.23,281,95324
2026-01-02 09:35:06,339.23,280,94984
2026-01-02 09:35:07,339.23,301,102108
2026-01-02 09:35:08,339.23,298,101091
2026-01-02 09:35:09,339.23,290,98377
2026-01-02 09:35:10,339.23,286,97020
2026-01-02 09:35:11,339.23,276,93627
2026-01-02 09:35:12,339.23,319,108214
2026-01-02 09:35:13,339.23,288,97698
2026-01-02 09:35:14,339.23,278,94306
2026-01-02 09:35:15,339.23,283,96002
2026-01-02 09:35:16,339.23,323,109571
2026-01-02 09:35:17,339.23,313,106179
2026-01-02 09:35:18,339.23,306,103804
2026-01-02 09:35:19,339.23,273,92610
2026-01-02 09:35:20,339.23,309,104822
2026-01-02 09:35:21,339.23,284,96341
2026-01-02 09:35:22,339.23,291,98716
2026-01-02 09:35:23,339.23,286,97020
2026-01-02 09:35:24,339.23,292,99055
2026-01-02 09:35:25,339.23,300,101769
2026-01-02 09:35:26,339.23,317,107536
2026-01-02 09:35:27,339.23,286,97020
2026-01-02 09:35:28,339.23,266,90235
2026-01-02 09:35:29,339.23,295,100073
2026-01-02 09:35:30,339.23,311,105501
2026-01-02 09:35:31,339.23,320,108554
2026-01-02 09:35:32,339.23,297,100751
2026-01-02 09:35:33,339.23,325,110250
2026-01-02 09:35:34,339.23,319,108214
2026-01-02 09:35:35,339.23,311,105501
2026-01-02 09:35:36,339.23,295,100073
2026-01-02 09:35:37,339.23,305,103465
2026-01-02 09:35:38,339.23,292,99055
2026-01-02 09:35:39,339.23,264,89557
2026-01-02 09:35:40,339.23,307,104144
2026-01-02 09:35:41,339.23,317,107536
2026-01-02 09:35:42,339.23,270,91592
2026-01-02 09:35:43,339.23,297,100751
2026-01-02 09:35:44,339.15,318,107850
2026-01-02 09:35:45,339.23,298,101091
2026-01-02 09:35:46,336.18,292,98165
2026-01-02 09:35:47,336.86,313,105437
2026-01-02 09:35:48,339.23,311,105501
2026-01-02 09:35:49,339.23,276,93627
2026-01-02 09:35:50,339.23,326,110589
2026-01-02 09:35:51,339.23,292,99055
2026-01-02 09:35:52,339.23,289,98037
2026-01-02 09:35:53,339.23,292,99055
2026-01-02 09:35:54,339.09,272,92232
2026-01-02 09:35:55,335.95,315,105824
2026-01-02 09:35:56,336.21,300,100863
2026-01-02 09:35:57,337.37,323,108971
2026-01-02 09:35:58,336.14,285,95800
2026-01-02 09:35:59,334.49,332,111051
2026-01-02 09:36:00,336.33,262,88118
2026-01-02 09:36:01,338.03,275,92958
2026-01-02 09:36:02,337.70,271,91517
2026-01-02 09:36:03,335.29,284,95222
2026-01-02 09:36:04,335.36,266,89206
2026-01-02 09:36:05,336.09,274,92089
2026-01-02 09:36:06,337.16,294,99125
2026-01-02 09:36:07,337.08,302,101798
2026-01-02 09:36:08,335.82,277,93022
2026-01-02 09:36:09,334.96,262,87760
2026-01-02 09:36:10,334.93,302,101149
2026-01-02 09:36:11,335.23,285,95541
2026-01-02 09:36:12,336.23,270,90782
2026-01-02 09:36:13,337.03,289,97402
2026-01-02 09:36:14,339.23,284,96341
2026-01-02 09:36:15,339.23,283,96002
2026-01-02 09:36:16,339.23,287,97359
2026-01-02 09:36:17,339.23,308,104483
2026-01-02 09:36:18,338.18,272,91985
2026-01-02 09:36:19,338.72,320,108390
2026-01-02 09:36:20,336.50,251,84462
2026-01-02 09:36:21,337.01,318,107169
2026-01-02 09:36:22,334.75,284,95069
2026-01-02 09:36:23,336.02,311,104502
2026-01-02 09:36:24,338.60,271,91761
2026-01-02 09:36:25,337.74,264,89163
2026-01-02 09:36:26,334.40,297,99317
2026-01-02 09:36:27,333.84,282,94143
2026-01-02 09:36:28,332.44,268,89094
2026-01-02 09:36:29,332.44,272,90424
2026-01-02 09:36:30,332.65,277,92144
2026-01-02 09:36:31,332.45,241,80120
2026-01-02 09:36:32,335.46,279,93593
2026-01-02 09:36:33,337.93,300,101379
2026-01-02 09:36:34,336.15,269,90424
2026-01-02 09:36:35,337.09,309,104161
2026-01-02 09:36:36,337.43,295,99542
2026-01-02 09:36:37,338.53,313,105960
2026-01-02 09:36:38,339.23,285,96681
2026-01-02 09:36:39,337.97,253,85506
2026-01-02 09:36:40,339.23,282,95663
2026-01-02 09:36:41,336.90,298,100396
2026-01-02 09:36:42,336.14,294,98825
2026-01-02 09:36:43,334.82,289,96763
2026-01-02 09:36:44,337.85,302,102031
2026-01-02 09:36:45,334.89,282,94439
2026-01-02 09:36:46,335.54,290,97307
2026-01-02 09:36:47,335.30,300,100590
2026-01-02 09:36:48,335.73,280,94004
2026-01-02 09:36:49,336.51,260,87493
2026-01-02 09:36:50,337.90,269,90895
2026-01-02 09:36:51,336.60,310,104346
2026-01-02 09:36:52,337.21,273,92058
2026-01-02 09:36:53,338.53,281,95127
2026-01-02 09:36:54,338.85,280,94878
2026-01-02 09:36:55,336.53,274,92209
2026-01-02 09:36:56,337.40,282,95147
2026-01-02 09:36:57,337.37,322,108633
2026-01-02 09:36:58,338.18,294,99425
2026-01-02 09:36:59,336.51,285,95905
2026-01-02 09:37:00,336.80,272,91610
2026-01-02 09:37:01,339.10,254,86131
2026-01-02 09:37:02,339.23,323,109571
2026-01-02 09:37:03,339.23,300,101769
2026-01-02 09:37:04,337.91,298,100697
2026-01-02 09:37:05,337.69,280,94553
2026-01-02 09:37:06,336.11,300,100833
2026-01-02 09:37:07,335.61,280,93971
2026-01-02 09:37:08,335.83,301,101085
2026-01-02 09:37:09,336.44,271,91175
2026-01-02 09:37:10,337.32,283,95462
2026-01-02 09:37:11,339.23,293,99394
2026-01-02 09:37:12,339.23,270,91592
2026-01-02 09:37:13,339.23,324,109911
2026-01-02 09:37:14,339.23,247,83790
2026-01-02 09:37:15,339.23,291,98716
2026-01-02 09:37:16,339.23,282,95663
2026-01-02 09:37:17,339.23,284,96341
2026-01-02 09:37:18,338.91,283,95912
2026-01-02 09:37:19,338.37,309,104556
2026-01-02 09:37:20,338.10,328,110897
2026-01-02 09:37:21,338.17,275,92997
2026-01-02 09:37:22,339.23,283,96002
2026-01-02 09:37:23,335.38,280,93906
2026-01-02 09:37:24,335.74,266,89307
2026-01-02 09:37:25,332.44,285,94745
2026-01-02 09:37:26,333.42,312,104027
2026-01-02 09:37:27,334.16,315,105260
2026-01-02 09:37:28,332.44,306,101727
2026-01-02 09:37:29,332.44,280,93083
2026-01-02 09:37:30,332.44,327,108708
2026-01-02 09:37:31,332.44,289,96075
2026-01-02 09:37:32,332.44,272,90424
2026-01-02 09:37:33,332.44,293,97405
2026-01-02 09:37:34,332.44,300,99732
2026-01-02 09:37:35,332.44,262,87099
2026-01-02 09:37:36,332.44,286,95078
2026-01-02 09:37:37,332.44,284,94413
2026-01-02 09:37:38,332.44,304,101062
2026-01-02 09:37:39,332.44,318,105716
2026-01-02 09:37:40,332.44,265,88097
2026-01-02 09:37:41,332.44,290,96408
2026-01-02 09:37:42,332.44,305,101394
2026-01-02 09:37:43,332.44,291,96740
2026-01-02 09:37:44,332.44,273,90756
2026-01-02 09:37:45,332.44,301,100064
2026-01-02 09:37:46,332.44,283,94081
2026-01-02 09:37:47,332.44,259,86102
2026-01-02 09:37:48,332.44,305,101394
2026-01-02 09:37:49,332.44,299,99400
2026-01-02 09:37:50,332.44,282,93748
2026-01-02 09:37:51,332.44,314,104386
2026-01-02 09:37:52,332.44,288,95743
2026-01-02 09:37:53,332.44,316,105051
2026-01-02 09:37:54,332.44,297,98735
2026-01-02 09:37:55,332.44,270,89759
2026-01-02 09:37:56,332.44,283,94081
2026-01-02 09:37:57,332.44,294,97737
2026-01-02 09:37:58,332.44,290,96408
2026-01-02 09:37:59,332.44,313,104054
2026-01-02 09:38:00,332.44,297,98735
2026-01-02 09:38:01,332.44,273,90756
2026-01-02 09:38:02,332.44,294,97737
2026-01-02 09:38:03,332.44,264,87764
2026-01-02 09:38:04,332.44,284,94413
2026-01-02 09:38:05,332.44,293,97405
2026-01-02 09:38:06,332.44,287,95410
2026-01-02 09:38:07,332.44,287,95410
2026-01-02 09:38:08,332.44,273,90756
2026-01-02 09:38:09,332.44,306,101727
2026-01-02 09:38:10,332.44,280,93083
2026-01-02 09:38:11,332.44,276,91753
2026-01-02 09:38:12,332.44,278,92418
2026-01-02 09:38:13,332.44,277,92086
2026-01-02 09:38:14,332.44,305,101394
2026-01-02 09:38:15,332.44,299,99400
2026-01-02 09:38:16,332.44,299,99400
2026-01-02 09:38:17,332.44,280,93083
2026-01-02 09:38:18,332.44,306,101727
2026-01-02 09:38:19,332.44,288,95743
2026-01-02 09:38:20,332.44,266,88429
2026-01-02 09:38:21,332.44,266,88429
2026-01-02 09:38:22,332.44,289,96075
2026-01-02 09:38:23,332.44,289,96075
2026-01-02 09:38:24,332.44,265,88097
2026-01-02 09:38:25,332.44,291,96740
2026-01-02 09:38:26,332.44,292,97072
2026-01-02 09:38:27,332.44,272,90424
2026-01-02 09:38:28,332.44,285,94745
2026-01-02 09:38:29,332.44,293,97405
2026-01-02 09:38:30,332.44,274,91089
2026-01-02 09:38:31,332.44,301,100064
2026-01-02 09:38:32,332.44,256,85105
2026-01-02 09:38:33,332.44,286,95078
2026-01-02 09:38:34,332.44,296,98402
2026-01-02 09:38:35,332.44,278,92418
2026-01-02 09:38:36,332.44,294,97737
2026-01-02 09:38:37,332.44,289,96075
2026-01-02 09:38:38,332.44,263,87432
2026-01-02 09:38:39,332.44,284,94413
2026-01-02 09:38:40,332.44,255,84772
2026-01-02 09:38:41,332.44,282,93748
2026-01-02 09:38:42,332.44,290,96408
2026-01-02 09:38:43,332.44,310,103056
2026-01-02 09:38:44,332.44,292,97072
2026-01-02 09:38:45,332.44,271,90091
2026-01-02 09:38:46,332.44,268,89094
2026-01-02 09:38:47,332.44,284,94413
2026-01-02 09:38:48,332.44,296,98402
2026-01-02 09:38:49,332.44,289,96075
2026-01-02 09:38:50,332.44,310,103056
2026-01-02 09:38:51,332.44,286,95078
2026-01-02 09:38:52,332.44,284,94413
2026-01-02 09:38:53,332.44,298,99067
2026-01-02 09:38:54,332.44,265,88097
2026-01-02 09:38:55,332.44,286,95078
2026-01-02 09:38:56,332.44,310,103056
2026-01-02 09:38:57,332.44,260,86434
2026-01-02 09:38:58,332.44,320,106381
2026-01-02 09:38:59,332.44,291,96740
2026-01-02 09:39:00,332.44,302,100397
2026-01-02 09:39:01,332.44,294,97737
2026-01-02 09:39:02,332.44,259,86102
2026-01-02 09:39:03,332.44,269,89426
2026-01-02 09:39:04,332.44,238,79121
2026-01-02 09:39:05,332.44,293,97405
2026-01-02 09:39:06,332.44,282,93748
2026-01-02 09:39:07,332.44,263,87432
2026-01-02 09:39:08,332.44,284,94413
2026-01-02 09:39:09,332.44,286,95078
2026-01-02 09:39:10,332.44,297,98735
2026-01-02 09:39:11,332.44,274,91089
2026-01-02 09:39:12,332.44,299,99400
2026-01-02 09:39:13,332.44,278,92418
2026-01-02 09:39:14,332.44,282,93748
2026-01-02 09:39:15,332.44,273,90756
2026-01-02 09:39:16,332.44,314,104386
2026-01-02 09:39:17,332.44,299,99400
2026-01-02 09:39:18,332.44,274,91089
2026-01-02 09:39:19,332.44,279,92751
2026-01-02 09:39:20,332.44,272,90424
2026-01-02 09:39:21,332.44,264,87764
2026-01-02 09:39:22,332.44,271,90091
2026-01-02 09:39:23,332.44,276,91753
2026-01-02 09:39:24,332.44,267,88761
2026-01-02 09:39:25,332.44,278,92418
2026-01-02 09:39:26,332.44,294,97737
2026-01-02 09:39:27,332.44,296,98402
2026-01-02 09:39:28,332.44,276,91753
2026-01-02 09:39:29,332.44,298,99067
2026-01-02 09:39:30,332.44,311,103389
2026-01-02 09:39:31,332.44,296,98402
2026-01-02 09:39:32,332.44,262,87099
2026-01-02 09:39:33,332.44,301,100064
2026-01-02 09:39:34,332.44,285,94745
2026-01-02 09:39:35,332.44,245,81448
2026-01-02 09:39:36,332.44,288,95743
2026-01-02 09:39:37,332.44,280,93083
2026-01-02 09:39:38,332.44,255,84772
2026-01-02 09:39:39,332.44,274,91089
2026-01-02 09:39:40,332.44,281,93416
2026-01-02 09:39:41,332.44,281,93416
2026-01-02 09:39:42,332.44,256,85105
2026-01-02 09:39:43,332.44,260,86434
2026-01-02 09:39:44,332.44,280,93083
2026-01-02 09:39:45,332.44,265,88097
2026-01-02 09:39:46,332.44,263,87432
2026-01-02 09:39:47,332.44,311,103389
2026-01-02 09:39:48,332.44,268,89094
2026-01-02 09:39:49,332.44,282,93748
2026-01-02 09:39:50,332.44,282,93748
2026-01-02 09:39:51,332.44,301,100064
2026-01-02 09:39:52,332.44,271,90091
2026-01-02 09:39:53,332.44,279,92751
2026-01-02 09:39:54,332.44,281,93416
2026-01-02 09:39:55,332.44,301,100064
2026-01-02 09:39:56,332.44,279,92751
2026-01-02 09:39:57,332.44,274,91089
2026-01-02 09:39:58,332.44,291,96740
2026-01-02 09:39:59,332.44,303,100729
2026-01-02 09:40:00,332.44,282,93748
2026-01-02 09:40:01,332.44,292,97072
2026-01-02 09:40:02,332.44,292,97072
2026-01-02 09:40:03,332.44,272,90424
2026-01-02 09:40:04,332.44,259,86102
2026-01-02 09:40:05,332.44,306,101727
2026-01-02 09:40:06,332.44,278,92418
2026-01-02 09:40:07,332.44,280,93083
2026-01-02 09:40:08,332.44,292,97072
2026-01-02 09:40:09,332.44,286,95078
2026-01-02 09:40:10,332.44,267,88761
2026-01-02 09:40:11,332.44,255,84772
2026-01-02 09:40:12,332.44,269,89426
2026-01-02 09:40:13,332.44,286,95078
2026-01-02 09:40:14,332.44,261,86767
2026-01-02 09:40:15,332.44,275,91421
2026-01-02 09:40:16,332.44,286,95078
2026-01-02 09:40:17,332.44,263,87432
2026-01-02 09:40:18,332.44,276,91753
2026-01-02 09:40:19,332.44,261,86767
2026-01-02 09:40:20,332.44,261,86767
2026-01-02 09:40:21,332.44,295,98070
2026-01-02 09:40:22,332.44,254,84440
2026-01-02 09:40:23,332.44,290,96408
2026-01-02 09:40:24,332.44,247,82113
2026-01-02 09:40:25,332.44,283,94081
2026-01-02 09:40:26,332.44,281,93416
2026-01-02 09:40:27,332.44,290,96408
2026-01-02 09:40:28,332.44,299,99400
2026-01-02 09:40:29,332.44,263,87432
2026-01-02 09:40:30,332.44,285,94745
2026-01-02 09:40:31,332.44,284,94413
2026-01-02 09:40:32,332.44,269,89426
2026-01-02 09:40:33,332.44,254,84440
2026-01-02 09:40:34,332.44,273,90756
2026-01-02 09:40:35,332.44,274,91089
2026-01-02 09:40:36,332.44,287,95410
2026-01-02 09:40:37,332.44,300,99732
2026-01-02 09:40:38,332.44,271,90091
2026-01-02 09:40:39,332.44,273,90756
2026-01-02 09:40:40,332.44,263,87432
2026-01-02 09:40:41,332.44,266,88429
2026-01-02 09:40:42,332.44,283,94081
2026-01-02 09:40:43,332.44,286,95078
2026-01-02 09:40:44,332.44,300,99732
2026-01-02 09:40:45,332.44,251,83442
2026-01-02 09:40:46,332.44,254,84440
2026-01-02 09:40:47,332.44,254,84440
2026-01-02 09:40:48,332.44,283,94081
2026-01-02 09:40:49,332.44,263,87432
2026-01-02 09:40:50,332.44,302,100397
2026-01-02 09:40:51,332.44,288,95743
2026-01-02 09:40:52,332.44,265,88097
2026-01-02 09:40:53,332.44,274,91089
2026-01-02 09:40:54,332.44,284,94413
2026-01-02 09:40:55,332.44,293,97405
2026-01-02 09:40:56,332.44,269,89426
2026-01-02 09:40:57,332.44,271,90091
2026-01-02 09:40:58,332.44,279,92751
2026-01-02 09:40:59,332.44,278,92418
2026-01-02 09:41:00,332.44,273,90756
2026-01-02 09:41:01,332.44,301,100064
2026-01-02 09:41:02,332.44,266,88429
2026-01-02 09:41:03,332.44,272,90424
2026-01-02 09:41:04,332.44,291,96740
2026-01-02 09:41:05,332.44,289,96075
2026-01-02 09:41:06,332.44,261,86767
2026-01-02 09:41:07,332.44,265,88097
2026-01-02 09:41:08,332.44,259,86102
2026-01-02 09:41:09,332.44,246,81780
2026-01-02 09:41:10,332.44,283,94081
2026-01-02 09:41:11,332.44,287,95410
2026-01-02 09:41:12,332.44,290,96408
2026-01-02 09:41:13,332.44,275,91421
2026-01-02 09:41:14,332.44,281,93416
2026-01-02 09:41:15,332.44,261,86767
2026-01-02 09:41:16,332.44,285,94745
2026-01-02 09:41:17,332.44,248,82445
2026-01-02 09:41:18,332.44,267,88761
2026-01-02 09:41:19,332.44,274,91089
2026-01-02 09:41:20,332.44,248,82445
2026-01-02 09:41:21,332.44,282,93748
2026-01-02 09:41:22,332.44,306,101727
2026-01-02 09:41:23,332.44,264,87764
2026-01-02 09:41:24,332.44,290,96408
2026-01-02 09:41:25,332.44,287,95410
2026-01-02 09:41:26,332.44,276,91753
2026-01-02 09:41:27,332.44,264,87764
2026-01-02 09:41:28,332.44,262,87099
2026-01-02 09:41:29,332.44,275,91421
2026-01-02 09:41:30,332.44,277,92086
2026-01-02 09:41:31,332.44,269,89426
2026-01-02 09:41:32,332.44,245,81448
2026-01-02 09:41:33,332.44,260,86434
2026-01-02 09:41:34,332.44,287,95410
2026-01-02 09:41:35,332.44,234,77791
2026-01-02 09:41:36,332.44,232,77126
2026-01-02 09:41:37,332.44,279,92751
2026-01-02 09:41:38,332.44,255,84772
2026-01-02 09:41:39,332.44,282,93748
2026-01-02 09:41:40,332.44,262,87099
2026-01-02 09:41:41,332.44,278,92418
2026-01-02 09:41:42,332.44,267,88761
2026-01-02 09:41:43,332.44,246,81780
2026-01-02 09:41:44,332.44,270,89759
2026-01-02 09:41:45,332.44,251,83442
2026-01-02 09:41:46,332.44,286,95078
2026-01-02 09:41:47,332.44,301,100064
2026-01-02 09:41:48,332.44,292,97072
2026-01-02 09:41:49,332.44,282,93748
2026-01-02 09:41:50,332.44,316,105051
2026-01-02 09:41:51,332.44,266,88429
2026-01-02 09:41:52,332.44,264,87764
2026-01-02 09:41:53,332.44,281,93416
2026-01-02 09:41:54,332.44,290,96408
2026-01-02 09:41:55,332.44,261,86767
2026-01-02 09:41:56,332.44,265,88097
2026-01-02 09:41:57,332.44,272,90424
2026-01-02 09:41:58,332.44,278,92418
2026-01-02 09:41:59,332.44,252,83775
2026-01-02 09:42:00,332.44,267,88761
2026-01-02 09:42:01,332.44,289,96075
2026-01-02 09:42:02,332.44,290,96408
2026-01-02 09:42:03,332.44,274,91089
2026-01-02 09:42:04,332.44,263,87432
2026-01-02 09:42:05,332.44,318,105716
2026-01-02 09:42:06,332.44,262,87099
2026-01-02 09:42:07,332.44,257,85437
2026-01-02 09:42:08,332.44,314,104386
2026-01-02 09:42:09,332.44,271,90091
2026-01-02 09:42:10,332.44,237,78788
2026-01-02 09:42:11,332.44,243,80783
2026-01-02 09:42:12,332.44,282,93748
2026-01-02 09:42:13,332.44,269,89426
2026-01-02 09:42:14,332.44,313,104054
2026-01-02 09:42:15,332.44,277,92086
2026-01-02 09:42:16,332.44,287,95410
2026-01-02 09:42:17,332.44,253,84107
2026-01-02 09:42:18,332.44,275,91421
2026-01-02 09:42:19,332.44,279,92751
2026-01-02 09:42:20,332.44,277,92086
2026-01-02 09:42:21,332.44,265,88097
2026-01-02 09:42:22,332.44,272,90424
2026-01-02 09:42:23,332.44,275,91421
2026-01-02 09:42:24,332.44,257,85437
2026-01-02 09:42:25,332.44,245,81448
2026-01-02 09:42:26,332.44,262,87099
2026-01-02 09:42:27,332.44,276,91753
2026-01-02 09:42:28,332.44,258,85770
2026-01-02 09:42:29,332.44,272,90424
2026-01-02 09:42:30,332.44,263,87432
2026-01-02 09:42:31,332.44,285,94745
2026-01-02 09:42:32,332.44,303,100729
2026-01-02 09:42:33,332.44,300,99732
2026-01-02 09:42:34,332.44,249,82778
2026-01-02 09:42:35,332.44,272,90424
2026-01-02 09:42:36,332.44,258,85770
2026-01-02 09:42:37,332.44,274,91089
2026-01-02 09:42:38,332.44,296,98402
2026-01-02 09:42:39,332.44,264,87764
2026-01-02 09:42:40,332.44,275,91421
2026-01-02 09:42:41,332.44,254,84440
2026-01-02 09:42:42,332.44,298,99067
2026-01-02 09:42:43,332.44,284,94413
2026-01-02 09:42:44,332.44,278,92418
2026-01-02 09:42:45,332.44,310,103056
2026-01-02 09:42:46,332.44,258,85770
2026-01-02 09:42:47,332.44,299,99400
2026-01-02 09:42:48,332.44,251,83442
2026-01-02 09:42:49,332.44,285,94745
2026-01-02 09:42:50,332.44,271,90091
2026-01-02 09:42:51,332.44,253,84107
2026-01-02 09:42:52,332.44,306,101727
2026-01-02 09:42:53,332.44,229,76129
2026-01-02 09:42:54,332.44,278,92418
2026-01-02 09:42:55,332.44,260,86434
2026-01-02 09:42:56,332.44,268,89094
2026-01-02 09:42:57,332.44,276,91753
2026-01-02 09:42:58,332.44,272,90424
2026-01-02 09:42:59,332.44,279,92751
2026-01-02 09:43:00,332.44,258,85770
2026-01-02 09:43:01,332.44,281,93416
2026-01-02 09:43:02,332.44,267,88761
2026-01-02 09:43:03,332.83,258,85870
2026-01-02 09:43:04,333.28,250,83320
2026-01-02 09:43:05,332.88,265,88213
2026-01-02 09:43:06,334.85,278,93088
2026-01-02 09:43:07,335.41,263,88213
2026-01-02 09:43:08,336.69,301,101344
2026-01-02 09:43:09,336.64,248,83487
2026-01-02 09:43:10,337.14,258,86982
2026-01-02 09:43:11,337.13,261,87991
2026-01-02 09:43:12,336.90,263,88605
2026-01-02 09:43:13,334.76,247,82686
2026-01-02 09:43:14,332.44,261,86767
2026-01-02 09:43:15,332.44,228,75796
2026-01-02 09:43:16,332.44,269,89426
2026-01-02 09:43:17,332.44,263,87432
2026-01-02 09:43:18,332.44,286,95078
2026-01-02 09:43:19,332.44,278,92418
2026-01-02 09:43:20,332.44,263,87432
2026-01-02 09:43:21,332.44,263,87432
2026-01-02 09:43:22,332.44,259,86102
2026-01-02 09:43:23,332.44,253,84107
2026-01-02 09:43:24,332.44,253,84107
2026-01-02 09:43:25,332.44,237,78788
2026-01-02 09:43:26,332.44,244,81115
2026-01-02 09:43:27,332.44,267,88761
2026-01-02 09:43:28,332.44,295,98070
2026-01-02 09:43:29,332.44,273,90756
2026-01-02 09:43:30,332.44,258,85770
2026-01-02 09:43:31,332.44,276,91753
2026-01-02 09:43:32,332.44,293,97405
2026-01-02 09:43:33,332.44,281,93416
2026-01-02 09:43:34,333.73,279,93111
2026-01-02 09:43:35,332.83,242,80545
2026-01-02 09:43:36,337.86,252,85141
2026-01-02 09:43:37,338.46,266,90030
2026-01-02 09:43:38,339.23,264,89557
2026-01-02 09:43:39,339.23,263,89217
2026-01-02 09:43:40,339.23,275,93288
2026-01-02 09:43:41,339.23,238,80737
2026-01-02 09:43:42,339.23,256,86843
2026-01-02 09:43:43,339.23,270,91592
2026-01-02 09:43:44,339.23,283,96002
2026-01-02 09:43:45,339.23,258,87521
2026-01-02 09:43:46,339.23,299,101430
2026-01-02 09:43:47,339.23,285,96681
2026-01-02 09:43:48,339.23,256,86843
2026-01-02 09:43:49,339.23,299,101430
2026-01-02 09:43:50,339.23,271,91931
2026-01-02 09:43:51,339.23,257,87182
2026-01-02 09:43:52,339.23,266,90235
2026-01-02 09:43:53,339.23,267,90574
2026-01-02 09:43:54,339.23,262,88878
2026-01-02 09:43:55,339.23,255,86504
2026-01-02 09:43:56,339.23,267,90574
2026-01-02 09:43:57,339.23,285,96681
2026-01-02 09:43:58,339.23,256,86843
2026-01-02 09:43:59,339.23,257,87182
2026-01-02 09:44:00,339.23,275,93288
2026-01-02 09:44:01,339.23,249,84468
2026-01-02 09:44:02,339.23,287,97359
2026-01-02 09:44:03,339.23,282,95663
2026-01-02 09:44:04,339.23,283,96002
2026-01-02 09:44:05,339.23,289,98037
2026-01-02 09:44:06,339.23,252,85486
2026-01-02 09:44:07,339.23,258,87521
2026-01-02 09:44:08,339.23,263,89217
2026-01-02 09:44:09,339.23,278,94306
2026-01-02 09:44:10,339.23,273,92610
2026-01-02 09:44:11,339.23,242,82094
2026-01-02 09:44:12,339.23,275,93288
2026-01-02 09:44:13,339.23,265,89896
2026-01-02 09:44:14,339.23,261,88539
2026-01-02 09:44:15,339.23,251,85147
2026-01-02 09:44:16,339.23,260,88200
2026-01-02 09:44:17,339.23,265,89896
2026-01-02 09:44:18,339.23,264,89557
2026-01-02 09:44:19,339.23,294,99734
2026-01-02 09:44:20,339.23,255,86504
2026-01-02 09:44:21,339.23,280,94984
2026-01-02 09:44:22,339.23,277,93967
2026-01-02 09:44:23,339.23,253,85825
2026-01-02 09:44:24,339.23,275,93288
2026-01-02 09:44:25,339.23,248,84129
2026-01-02 09:44:26,339.23,285,96681
2026-01-02 09:44:27,339.23,262,88878
2026-01-02 09:44:28,339.23,263,89217
2026-01-02 09:44:29,339.23,287,97359
2026-01-02 09:44:30,339.23,266,90235
2026-01-02 09:44:31,339.23,256,86843
2026-01-02 09:44:32,339.23,257,87182
2026-01-02 09:44:33,339.23,244,82772
2026-01-02 09:44:34,339.23,257,87182
2026-01-02 09:44:35,337.11,247,83266
2026-01-02 09:44:36,339.14,283,95977
2026-01-02 09:44:37,338.84,286,96908
2026-01-02 09:44:38,338.97,272,92200
2026-01-02 09:44:39,338.01,264,89235
2026-01-02 09:44:40,339.22,279,94642
2026-01-02 09:44:41,339.23,257,87182
2026-01-02 09:44:42,339.23,267,90574
2026-01-02 09:44:43,339.23,301,102108
2026-01-02 09:44:44,339.23,294,99734
2026-01-02 09:44:45,339.23,240,81415
2026-01-02 09:44:46,339.23,281,95324
2026-01-02 09:44:47,339.23,246,83451
2026-01-02 09:44:48,339.23,276,93627
2026-01-02 09:44:49,339.23,250,84808
2026-01-02 09:44:50,339.23,241,81754
2026-01-02 09:44:51,339.23,256,86843
2026-01-02 09:44:52,339.23,215,72934
2026-01-02 09:44:53,339.23,280,94984
2026-01-02 09:44:54,339.23,241,81754
2026-01-02 09:44:55,339.23,303,102787
2026-01-02 09:44:56,339.23,250,84808
2026-01-02 09:44:57,339.23,230,78023
2026-01-02 09:44:58,339.23,273,92610
2026-01-02 09:44:59,339.23,258,87521
2026-01-02 09:45:00,339.23,285,96681
2026-01-02 09:45:01,339.23,282,95663
2026-01-02 09:45:02,339.23,261,88539
2026-01-02 09:45:03,339.23,251,85147
2026-01-02 09:45:04,339.23,246,83451
2026-01-02 09:45:05,339.23,293,99394
2026-01-02 09:45:06,339.23,272,92271
2026-01-02 09:45:07,339.23,267,90574
2026-01-02 09:45:08,339.23,263,89217
2026-01-02 09:45:09,339.23,255,86504
2026-01-02 09:45:10,339.23,261,88539
2026-01-02 09:45:11,339.23,271,91931
2026-01-02 09:45:12,339.23,230,78023
2026-01-02 09:45:13,339.23,261,88539
2026-01-02 09:45:14,339.23,252,85486
2026-01-02 09:45:15,339.23,250,84808
2026-01-02 09:45:16,339.23,279,94645
2026-01-02 09:45:17,339.23,278,94306
2026-01-02 09:45:18,339.23,257,87182
2026-01-02 09:45:19,339.23,245,83111
2026-01-02 09:45:20,339.23,284,96341
2026-01-02 09:45:21,339.23,258,87521
2026-01-02 09:45:22,339.23,272,92271
2026-01-02 09:45:23,339.23,268,90914
2026-01-02 09:45:24,339.23,299,101430
2026-01-02 09:45:25,339.23,264,89557
2026-01-02 09:45:26,339.23,259,87861
2026-01-02 09:45:27,339.23,259,87861
2026-01-02 09:45:28,339.23,238,80737
2026-01-02 09:45:29,339.23,247,83790
2026-01-02 09:45:30,339.23,294,99734
2026-01-02 09:45:31,339.23,272,92271
2026-01-02 09:45:32,339.23,272,92271
2026-01-02 09:45:33,339.23,228,77344
2026-01-02 09:45:34,339.23,247,83790
2026-01-02 09:45:35,339.23,257,87182
2026-01-02 09:45:36,338.49,263,89023
2026-01-02 09:45:37,336.47,245,82435
2026-01-02 09:45:38,333.47,286,95372
2026-01-02 09:45:39,333.44,285,95030
2026-01-02 09:45:40,334.15,256,85542
2026-01-02 09:45:41,338.05,235,79442
2026-01-02 09:45:42,336.76,291,97997
2026-01-02 09:45:43,332.99,273,90906
2026-01-02 09:45:44,333.98,251,83829
2026-01-02 09:45:45,332.77,287,95505
2026-01-02 09:45:46,332.48,270,89770
2026-01-02 09:45:47,333.24,267,88975
2026-01-02 09:45:48,333.70,263,87763
2026-01-02 09:45:49,335.45,245,82185
2026-01-02 09:45:50,335.67,228,76533
2026-01-02 09:45:51,334.89,258,86402
2026-01-02 09:45:52,338.02,270,91265
2026-01-02 09:45:53,335.92,276,92714
2026-01-02 09:45:54,334.32,275,91938
2026-01-02 09:45:55,333.10,275,91602
2026-01-02 09:45:56,335.17,253,84798
2026-01-02 09:45:57,334.46,259,86625
2026-01-02 09:45:58,336.85,274,92297
2026-01-02 09:45:59,337.89,257,86838
2026-01-02 09:46:00,336.28,246,82725
2026-01-02 09:46:01,336.61,262,88192
2026-01-02 09:46:02,339.23,237,80398
2026-01-02 09:46:03,339.23,236,80058
2026-01-02 09:46:04,339.15,277,93945
2026-01-02 09:46:05,339.23,248,84129
2026-01-02 09:46:06,337.89,254,85824
2026-01-02 09:46:07,339.08,259,87822
2026-01-02 09:46:08,338.94,271,91853
2026-01-02 09:46:09,339.23,273,92610
2026-01-02 09:46:10,339.23,259,87861
2026-01-02 09:46:11,339.23,248,84129
2026-01-02 09:46:12,339.23,258,87521
2026-01-02 09:46:13,339.23,259,87861
2026-01-02 09:46:14,339.23,287,97359
2026-01-02 09:46:15,339.23,259,87861
2026-01-02 09:46:16,339.23,265,89896
2026-01-02 09:46:17,339.23,273,92610
2026-01-02 09:46:18,339.23,257,87182
2026-01-02 09:46:19,339.23,263,89217
2026-01-02 09:46:20,339.23,270,91592
2026-01-02 09:46:21,339.23,284,96341
2026-01-02 09:46:22,339.23,258,87521
2026-01-02 09:46:23,339.23,279,94645
2026-01-02 09:46:24,339.23,265,89896
2026-01-02 09:46:25,339.23,256,86843
2026-01-02 09:46:26,339.23,270,91592
2026-01-02 09:46:27,339.23,244,82772
2026-01-02 09:46:28,339.23,265,89896
2026-01-02 09:46:29,339.23,291,98716
2026-01-02 09:46:30,339.23,235,79719
2026-01-02 09:46:31,339.23,260,88200
2026-01-02 09:46:32,339.23,283,96002
2026-01-02 09:46:33,339.23,238,80737
2026-01-02 09:46:34,339.23,274,92949
2026-01-02 09:46:35,339.23,228,77344
2026-01-02 09:46:36,339.23,275,93288
2026-01-02 09:46:37,339.23,263,89217
2026-01-02 09:46:38,339.23,261,88539
2026-01-02 09:46:39,339.23,287,97359
2026-01-02 09:46:40,339.23,264,89557
2026-01-02 09:46:41,339.23,241,81754
2026-01-02 09:46:42,339.23,291,98716
2026-01-02 09:46:43,339.23,238,80737
2026-01-02 09:46:44,339.23,277,93967
2026-01-02 09:46:45,339.23,233,79041
2026-01-02 09:46:46,339.23,235,79719
2026-01-02 09:46:47,339.23,250,84808
2026-01-02 09:46:48,339.23,251,85147
2026-01-02 09:46:49,339.23,240,81415
2026-01-02 09:46:50,339.23,239,81076
2026-01-02 09:46:51,339.23,259,87861
2026-01-02 09:46:52,339.23,238,80737
2026-01-02 09:46:53,339.23,260,88200
2026-01-02 09:46:54,339.23,249,84468
2026-01-02 09:46:55,339.23,229,77684
2026-01-02 09:46:56,339.23,265,89896
2026-01-02 09:46:57,339.23,233,79041
2026-01-02 09:46:58,339.23,258,87521
2026-01-02 09:46:59,339.23,257,87182
2026-01-02 09:47:00,339.23,260,88200
2026-01-02 09:47:01,339.23,274,92949
2026-01-02 09:47:02,339.23,242,82094
2026-01-02 09:47:03,339.23,224,75988
2026-01-02 09:47:04,339.23,294,99734
2026-01-02 09:47:05,339.23,273,92610
2026-01-02 09:47:06,339.10,275,93252
2026-01-02 09:47:07,339.23,265,89896
2026-01-02 09:47:08,338.31,271,91682
2026-01-02 09:47:09,339.23,260,88200
2026-01-02 09:47:10,339.23,272,92271
2026-01-02 09:47:11,339.23,283,96002
2026-01-02 09:47:12,338.72,273,92471
2026-01-02 09:47:13,336.27,259,87094
2026-01-02 09:47:14,338.21,241,81509
2026-01-02 09:47:15,339.23,257,87182
2026-01-02 09:47:16,339.23,283,96002
2026-01-02 09:47:17,339.23,233,79041
2026-01-02 09:47:18,339.23,270,91592
2026-01-02 09:47:19,339.23,225,76327
2026-01-02 09:47:20,339.23,255,86504
2026-01-02 09:47:21,338.69,244,82640
2026-01-02 09:47:22,337.37,266,89740
2026-01-02 09:47:23,338.85,236,79969
2026-01-02 09:47:24,339.23,255,86504
2026-01-02 09:47:25,338.74,253,85701
2026-01-02 09:47:26,335.73,269,90311
2026-01-02 09:47:27,334.16,230,76857
2026-01-02 09:47:28,335.80,242,81264
2026-01-02 09:47:29,336.41,244,82084
2026-01-02 09:47:30,336.49,264,88833
2026-01-02 09:47:31,334.84,247,82705
2026-01-02 09:47:32,335.33,222,74443
2026-01-02 09:47:33,335.17,247,82787
2026-01-02 09:47:34,336.93,249,83896
2026-01-02 09:47:35,337.32,249,83993
2026-01-02 09:47:36,338.10,266,89935
2026-01-02 09:47:37,337.32,251,84667
2026-01-02 09:47:38,337.11,257,86637
2026-01-02 09:47:39,339.09,259,87824
2026-01-02 09:47:40,339.23,270,91592
2026-01-02 09:47:41,338.29,247,83558
2026-01-02 09:47:42,338.38,292,98807
2026-01-02 09:47:43,337.27,234,78921
2026-01-02 09:47:44,334.17,239,79867
2026-01-02 09:47:45,332.88,255,84884
2026-01-02 09:47:46,332.44,266,88429
2026-01-02 09:47:47,332.44,250,83110
2026-01-02 09:47:48,332.66,241,80171
2026-01-02 09:47:49,333.27,259,86317
2026-01-02 09:47:50,332.44,261,86767
2026-01-02 09:47:51,332.44,245,81448
2026-01-02 09:47:52,332.44,280,93083
2026-01-02 09:47:53,332.44,272,90424
2026-01-02 09:47:54,332.44,260,86434
2026-01-02 09:47:55,332.44,255,84772
2026-01-02 09:47:56,332.44,255,84772
2026-01-02 09:47:57,332.44,257,85437
2026-01-02 09:47:58,332.44,239,79453
2026-01-02 09:47:59,332.44,271,90091
2026-01-02 09:48:00,333.01,249,82919
2026-01-02 09:48:01,334.20,247,82547
2026-01-02 09:48:02,333.49,251,83706
2026-01-02 09:48:03,334.06,238,79506
2026-01-02 09:48:04,334.97,254,85082
2026-01-02 09:48:05,334.55,241,80627
2026-01-02 09:48:06,336.15,272,91433
2026-01-02 09:48:07,336.09,267,89736
2026-01-02 09:48:08,335.29,287,96228
2026-01-02 09:48:09,337.64,237,80021
2026-01-02 09:48:10,336.71,247,83167
2026-01-02 09:48:11,336.51,264,88839
2026-01-02 09:48:12,334.21,269,89902
2026-01-02 09:48:13,336.41,256,86121
2026-01-02 09:48:14,334.11,268,89541
2026-01-02 09:48:15,336.69,243,81816
2026-01-02 09:48:16,337.70,264,89153
2026-01-02 09:48:17,339.23,282,95663
2026-01-02 09:48:18,339.23,250,84808
2026-01-02 09:48:19,339.23,262,88878
2026-01-02 09:48:20,339.23,259,87861
2026-01-02 09:48:21,338.24,280,94707
2026-01-02 09:48:22,339.23,277,93967
2026-01-02 09:48:23,339.23,244,82772
2026-01-02 09:48:24,339.23,233,79041
2026-01-02 09:48:25,339.23,245,83111
2026-01-02 09:48:26,339.23,244,82772
2026-01-02 09:48:27,339.23,251,85147
2026-01-02 09:48:28,339.23,252,85486
2026-01-02 09:48:29,339.23,258,87521
2026-01-02 09:48:30,339.23,256,86843
2026-01-02 09:48:31,339.23,234,79380
2026-01-02 09:48:32,339.23,275,93288
2026-01-02 09:48:33,339.23,269,91253
2026-01-02 09:48:34,339.23,268,90914
2026-01-02 09:48:35,339.23,242,82094
2026-01-02 09:48:36,339.23,267,90574
2026-01-02 09:48:37,339.23,289,98037
2026-01-02 09:48:38,339.23,266,90235
2026-01-02 09:48:39,339.23,275,93288
2026-01-02 09:48:40,339.23,255,86504
2026-01-02 09:48:41,339.23,235,79719
2026-01-02 09:48:42,339.23,260,88200
2026-01-02 09:48:43,339.23,283,96002
2026-01-02 09:48:44,339.23,265,89896
2026-01-02 09:48:45,339.23,267,90574
2026-01-02 09:48:46,339.23,240,81415
2026-01-02 09:48:47,339.23,282,95663
2026-01-02 09:48:48,339.23,289,98037
2026-01-02 09:48:49,339.23,220,74631
2026-01-02 09:48:50,339.23,245,83111
2026-01-02 09:48:51,339.23,269,91253
2026-01-02 09:48:52,339.23,275,93288
2026-01-02 09:48:53,339.23,258,87521
2026-01-02 09:48:54,339.23,263,89217
2026-01-02 09:48:55,339.23,250,84808
2026-01-02 09:48:56,339.23,260,88200
2026-01-02 09:48:57,339.23,254,86164
2026-01-02 09:48:58,339.23,226,76666
2026-01-02 09:48:59,339.23,258,87521
2026-01-02 09:49:00,339.23,240,81415
2026-01-02 09:49:01,339.23,256,86843
2026-01-02 09:49:02,339.23,253,85825
2026-01-02 09:49:03,339.23,259,87861
2026-01-02 09:49:04,339.23,254,86164
2026-01-02 09:49:05,339.23,267,90574
2026-01-02 09:49:06,339.23,252,85486
2026-01-02 09:49:07,339.23,260,88200
2026-01-02 09:49:08,339.23,306,103804
2026-01-02 09:49:09,339.23,256,86843
2026-01-02 09:49:10,339.23,240,81415
2026-01-02 09:49:11,339.23,269,91253
2026-01-02 09:49:12,339.23,250,84808
2026-01-02 09:49:13,339.23,235,79719
2026-01-02 09:49:14,339.23,293,99394
2026-01-02 09:49:15,339.23,268,90914
2026-01-02 09:49:16,339.23,245,83111
2026-01-02 09:49:17,339.23,264,89557
2026-01-02 09:49:18,339.23,259,87861
2026-01-02 09:49:19,339.23,247,83790
2026-01-02 09:49:20,339.23,235,79719
2026-01-02 09:49:21,339.23,274,92949
2026-01-02 09:49:22,339.23,266,90235
2026-01-02 09:49:23,339.23,266,90235
2026-01-02 09:49:24,339.23,281,95324
2026-01-02 09:49:25,339.23,245,83111
2026-01-02 09:49:26,339.23,247,83790
2026-01-02 09:49:27,339.23,266,90235
2026-01-02 09:49:28,339.23,248,84129
2026-01-02 09:49:29,339.23,250,84808
2026-01-02 09:49:30,339.23,254,86164
2026-01-02 09:49:31,339.23,252,85486
2026-01-02 09:49:32,339.23,247,83790
2026-01-02 09:49:33,339.23,250,84808
2026-01-02 09:49:34,339.23,250,84808
2026-01-02 09:49:35,339.23,263,89217
2026-01-02 09:49:36,339.23,240,81415
2026-01-02 09:49:37,339.23,262,88878
2026-01-02 09:49:38,339.23,243,82433
2026-01-02 09:49:39,339.23,242,82094
2026-01-02 09:49:40,339.23,250,84808
2026-01-02 09:49:41,339.23,249,84468
2026-01-02 09:49:42,339.23,252,85486
2026-01-02 09:49:43,339.23,257,87182
2026-01-02 09:49:44,339.23,234,79380
2026-01-02 09:49:45,339.23,243,82433
2026-01-02 09:49:46,339.23,245,83111
2026-01-02 09:49:47,339.23,238,80737
2026-01-02 09:49:48,339.23,254,86164
2026-01-02 09:49:49,339.23,236,80058
2026-01-02 09:49:50,339.23,239,81076
2026-01-02 09:49:51,339.23,264,89557
2026-01-02 09:49:52,339.23,217,73613
2026-01-02 09:49:53,339.23,262,88878
2026-01-02 09:49:54,339.23,257,87182
2026-01-02 09:49:55,339.23,253,85825
2026-01-02 09:49:56,339.04,248,84082
2026-01-02 09:49:57,339.23,243,82433
2026-01-02 09:49:58,339.23,245,83111
2026-01-02 09:49:59,339.23,242,82094
2026-01-02 09:50:00,339.23,231,78362
2026-01-02 09:50:01,339.23,261,88539
2026-01-02 09:50:02,339.23,244,82772
2026-01-02 09:50:03,339.23,255,86504
2026-01-02 09:50:04,339.23,267,90574
2026-01-02 09:50:05,339.23,251,85147
2026-01-02 09:50:06,339.23,275,93288
2026-01-02 09:50:07,339.23,271,91931
2026-01-02 09:50:08,339.23,257,87182
2026-01-02 09:50:09,339.23,251,85147
2026-01-02 09:50:10,339.23,247,83790
2026-01-02 09:50:11,339.23,230,78023
2026-01-02 09:50:12,339.23,256,86843
2026-01-02 09:50:13,339.23,255,86504
2026-01-02 09:50:14,339.23,242,82094
2026-01-02 09:50:15,339.23,249,84468
2026-01-02 09:50:16,339.23,251,85147
2026-01-02 09:50:17,339.23,246,83451
2026-01-02 09:50:18,339.23,262,88878
2026-01-02 09:50:19,339.23,243,82433
2026-01-02 09:50:20,339.23,276,93627
2026-01-02 09:50:21,339.23,262,88878
2026-01-02 09:50:22,339.23,270,91592
2026-01-02 09:50:23,339.23,266,90235
2026-01-02 09:50:24,339.23,231,78362
2026-01-02 09:50:25,339.23,250,84808
2026-01-02 09:50:26,339.23,246,83451
2026-01-02 09:50:27,339.15,257,87162
2026-01-02 09:50:28,339.23,235,79719
2026-01-02 09:50:29,337.10,254,85623
2026-01-02 09:50:30,335.62,245,82227
2026-01-02 09:50:31,336.84,278,93642
2026-01-02 09:50:32,335.84,265,88998
2026-01-02 09:50:33,334.70,237,79324
2026-01-02 09:50:34,332.44,242,80450
2026-01-02 09:50:35,332.44,255,84772
2026-01-02 09:50:36,332.44,229,76129
2026-01-02 09:50:37,332.44,258,85770
2026-01-02 09:50:38,332.44,250,83110
2026-01-02 09:50:39,332.44,250,83110
2026-01-02 09:50:40,332.44,247,82113
2026-01-02 09:50:41,332.44,234,77791
2026-01-02 09:50:42,332.44,254,84440
2026-01-02 09:50:43,334.33,238,79571
2026-01-02 09:50:44,334.20,253,84553
2026-01-02 09:50:45,332.47,251,83450
2026-01-02 09:50:46,332.44,259,86102
2026-01-02 09:50:47,332.94,240,79906
2026-01-02 09:50:48,334.73,267,89373
2026-01-02 09:50:49,336.53,261,87834
2026-01-02 09:50:50,338.03,251,84846
2026-01-02 09:50:51,337.41,263,88739
2026-01-02 09:50:52,336.40,233,78381
2026-01-02 09:50:53,337.53,280,94508
2026-01-02 09:50:54,338.02,252,85181
2026-01-02 09:50:55,338.97,244,82709
2026-01-02 09:50:56,339.23,249,84468
2026-01-02 09:50:57,337.66,237,80025
2026-01-02 09:50:58,337.12,255,85966
2026-01-02 09:50:59,336.04,263,88379
2026-01-02 09:51:00,336.09,239,80326
2026-01-02 09:51:01,338.15,260,87919
2026-01-02 09:51:02,339.23,217,73613
2026-01-02 09:51:03,339.23,232,78701
2026-01-02 09:51:04,339.23,249,84468
2026-01-02 09:51:05,339.23,278,94306
2026-01-02 09:51:06,336.48,271,91186
2026-01-02 09:51:07,335.34,230,77128
2026-01-02 09:51:08,337.85,249,84125
2026-01-02 09:51:09,339.23,240,81415
2026-01-02 09:51:10,339.23,272,92271
2026-01-02 09:51:11,338.88,243,82348
2026-01-02 09:51:12,337.62,224,75627
2026-01-02 09:51:13,339.22,248,84127
2026-01-02 09:51:14,335.63,230,77195
2026-01-02 09:51:15,335.83,278,93361
2026-01-02 09:51:16,336.80,211,71065
2026-01-02 09:51:17,334.68,241,80658
2026-01-02 09:51:18,337.88,259,87511
2026-01-02 09:51:19,338.39,240,81214
2026-01-02 09:51:20,338.81,240,81314
2026-01-02 09:51:21,339.23,263,89217
2026-01-02 09:51:22,339.23,217,73613
2026-01-02 09:51:23,339.23,248,84129
2026-01-02 09:51:24,339.23,232,78701
2026-01-02 09:51:25,339.23,239,81076
2026-01-02 09:51:26,339.23,260,88200
2026-01-02 09:51:27,338.80,235,79618
2026-01-02 09:51:28,337.22,241,81270
2026-01-02 09:51:29,337.63,268,90485
2026-01-02 09:51:30,339.22,262,88876
2026-01-02 09:51:31,338.43,218,73778
2026-01-02 09:51:32,339.04,252,85438
2026-01-02 09:51:33,339.23,276,93627
2026-01-02 09:51:34,339.23,222,75309
2026-01-02 09:51:35,339.23,239,81076
2026-01-02 09:51:36,339.23,230,78023
2026-01-02 09:51:37,339.23,222,75309
2026-01-02 09:51:38,338.93,236,79987
2026-01-02 09:51:39,336.52,257,86486
2026-01-02 09:51:40,335.92,250,83980
2026-01-02 09:51:41,335.75,254,85280
2026-01-02 09:51:42,333.95,250,83488
2026-01-02 09:51:43,333.37,237,79009
2026-01-02 09:51:44,334.78,232,77669
2026-01-02 09:51:45,336.93,241,81200
2026-01-02 09:51:46,337.63,246,83057
2026-01-02 09:51:47,339.23,257,87182
2026-01-02 09:51:48,339.23,233,79041
2026-01-02 09:51:49,339.23,228,77344
2026-01-02 09:51:50,339.23,248,84129
2026-01-02 09:51:51,339.23,242,82094
2026-01-02 09:51:52,339.23,266,90235
2026-01-02 09:51:53,339.23,275,93288
2026-01-02 09:51:54,339.23,220,74631
2026-01-02 09:51:55,339.23,245,83111
2026-01-02 09:51:56,339.23,236,80058
2026-01-02 09:51:57,339.23,236,80058
2026-01-02 09:51:58,339.23,251,85147
2026-01-02 09:51:59,339.23,237,80398
2026-01-02 09:52:00,339.23,253,85825
2026-01-02 09:52:01,339.23,224,75988
2026-01-02 09:52:02,339.23,252,85486
2026-01-02 09:52:03,339.23,238,80737
2026-01-02 09:52:04,339.23,280,94984
2026-01-02 09:52:05,339.23,246,83451
2026-01-02 09:52:06,339.23,233,79041
2026-01-02 09:52:07,339.23,242,82094
2026-01-02 09:52:08,339.23,231,78362
2026-01-02 09:52:09,339.23,235,79719
2026-01-02 09:52:10,339.23,219,74291
2026-01-02 09:52:11,339.23,245,83111
2026-01-02 09:52:12,339.23,221,74970
2026-01-02 09:52:13,339.23,263,89217
2026-01-02 09:52:14,339.23,233,79041
2026-01-02 09:52:15,339.23,265,89896
2026-01-02 09:52:16,339.23,238,80737
2026-01-02 09:52:17,339.23,300,101769
2026-01-02 09:52:18,339.23,260,88200
2026-01-02 09:52:19,339.23,253,85825
2026-01-02 09:52:20,339.23,250,84808
2026-01-02 09:52:21,339.23,260,88200
2026-01-02 09:52:22,339.23,233,79041
2026-01-02 09:52:23,339.23,235,79719
2026-01-02 09:52:24,339.23,216,73274
2026-01-02 09:52:25,339.23,252,85486
2026-01-02 09:52:26,339.23,232,78701
2026-01-02 09:52:27,339.23,219,74291
2026-01-02 09:52:28,339.23,240,81415
2026-01-02 09:52:29,339.23,204,69203
2026-01-02 09:52:30,339.23,244,82772
2026-01-02 09:52:31,339.23,245,83111
2026-01-02 09:52:32,339.23,229,77684
2026-01-02 09:52:33,339.23,227,77005
2026-01-02 09:52:34,339.23,263,89217
2026-01-02 09:52:35,339.23,246,83451
2026-01-02 09:52:36,339.23,225,76327
2026-01-02 09:52:37,339.23,235,79719
2026-01-02 09:52:38,339.23,244,82772
2026-01-02 09:52:39,339.23,268,90914
2026-01-02 09:52:40,339.23,253,85825
2026-01-02 09:52:41,339.23,230,78023
2026-01-02 09:52:42,339.23,242,82094
2026-01-02 09:52:43,339.23,247,83790
2026-01-02 09:52:44,339.23,249,84468
2026-01-02 09:52:45,339.23,251,85147
2026-01-02 09:52:46,339.23,239,81076
2026-01-02 09:52:47,339.23,249,84468
2026-01-02 09:52:48,339.23,230,78023
2026-01-02 09:52:49,339.23,255,86504
2026-01-02 09:52:50,339.23,253,85825
2026-01-02 09:52:51,339.23,237,80398
2026-01-02 09:52:52,339.23,253,85825
2026-01-02 09:52:53,339.23,253,85825
2026-01-02 09:52:54,339.23,246,83451
2026-01-02 09:52:55,339.23,235,79719
2026-01-02 09:52:56,339.23,246,83451
2026-01-02 09:52:57,339.23,252,85486
2026-01-02 09:52:58,339.23,246,83451
2026-01-02 09:52:59,339.23,260,88200
2026-01-02 09:53:00,339.23,239,81076
2026-01-02 09:53:01,339.23,252,85486
2026-01-02 09:53:02,339.23,235,79719
2026-01-02 09:53:03,339.23,252,85486
2026-01-02 09:53:04,338.54,242,81927
2026-01-02 09:53:05,339.23,258,87521
2026-01-02 09:53:06,339.23,234,79380
2026-01-02 09:53:07,339.23,256,86843
2026-01-02 09:53:08,339.23,230,78023
2026-01-02 09:53:09,339.23,264,89557
2026-01-02 09:53:10,339.23,245,83111
2026-01-02 09:53:11,339.23,266,90235
2026-01-02 09:53:12,339.23,232,78701
2026-01-02 09:53:13,339.23,248,84129
2026-01-02 09:53:14,339.23,236,80058
2026-01-02 09:53:15,339.23,192,65132
2026-01-02 09:53:16,339.23,224,75988
2026-01-02 09:53:17,339.23,246,83451
2026-01-02 09:53:18,339.23,229,77684
2026-01-02 09:53:19,339.23,254,86164
2026-01-02 09:53:20,339.23,261,88539
2026-01-02 09:53:21,339.23,251,85147
2026-01-02 09:53:22,339.23,255,86504
2026-01-02 09:53:23,339.23,270,91592
2026-01-02 09:53:24,339.23,229,77684
2026-01-02 09:53:25,339.23,244,82772
2026-01-02 09:53:26,339.23,244,82772
2026-01-02 09:53:27,339.23,262,88878
2026-01-02 09:53:28,339.23,243,82433
2026-01-02 09:53:29,339.23,240,81415
2026-01-02 09:53:30,339.23,233,79041
2026-01-02 09:53:31,339.23,238,80737
2026-01-02 09:53:32,339.23,260,88200
2026-01-02 09:53:33,338.86,272,92170
2026-01-02 09:53:34,339.23,248,84129
2026-01-02 09:53:35,339.23,264,89557
2026-01-02 09:53:36,339.23,265,89896
2026-01-02 09:53:37,339.23,218,73952
2026-01-02 09:53:38,339.23,238,80737
2026-01-02 09:53:39,339.23,234,79380
2026-01-02 09:53:40,339.23,241,81754
2026-01-02 09:53:41,339.23,249,84468
2026-01-02 09:53:42,339.23,232,78701
2026-01-02 09:53:43,339.23,216,73274
2026-01-02 09:53:44,339.23,274,92949
2026-01-02 09:53:45,339.23,259,87861
2026-01-02 09:53:46,339.23,250,84808
2026-01-02 09:53:47,339.23,203,68864
2026-01-02 09:53:48,339.23,200,67846
2026-01-02 09:53:49,339.23,259,87861
2026-01-02 09:53:50,339.23,243,82433
2026-01-02 09:53:51,339.23,231,78362
2026-01-02 09:53:52,337.73,239,80717
2026-01-02 09:53:53,336.82,234,78816
2026-01-02 09:53:54,336.80,228,76790
2026-01-02 09:53:55,335.73,242,81247
2026-01-02 09:53:56,336.03,266,89384
2026-01-02 09:53:57,335.86,264,88667
2026-01-02 09:53:58,334.61,267,89341
2026-01-02 09:53:59,333.49,245,81705
2026-01-02 09:54:00,334.81,219,73323
2026-01-02 09:54:01,335.90,224,75242
2026-01-02 09:54:02,335.88,245,82291
2026-01-02 09:54:03,337.09,238,80227
2026-01-02 09:54:04,337.95,250,84488
2026-01-02 09:54:05,338.23,216,73058
2026-01-02 09:54:06,337.49,231,77960
2026-01-02 09:54:07,337.48,247,83358
2026-01-02 09:54:08,336.46,229,77049
2026-01-02 09:54:09,337.45,246,83013
2026-01-02 09:54:10,337.18,234,78900
2026-01-02 09:54:11,337.04,239,80553
2026-01-02 09:54:12,337.00,249,83913
2026-01-02 09:54:13,338.26,265,89639
2026-01-02 09:54:14,336.80,245,82516
2026-01-02 09:54:15,337.23,250,84308
2026-01-02 09:54:16,338.77,249,84354
2026-01-02 09:54:17,338.90,233,78964
2026-01-02 09:54:18,337.46,240,80990
2026-01-02 09:54:19,337.08,243,81910
2026-01-02 09:54:20,336.17,255,85723
2026-01-02 09:54:21,335.92,252,84652
2026-01-02 09:54:22,335.35,241,80819
2026-01-02 09:54:23,334.74,218,72973
2026-01-02 09:54:24,335.11,223,74730
2026-01-02 09:54:25,333.83,246,82122
2026-01-02 09:54:26,335.59,256,85911
2026-01-02 09:54:27,336.44,243,81755
2026-01-02 09:54:28,335.63,259,86928
2026-01-02 09:54:29,334.77,254,85032
2026-01-02 09:54:30,332.81,227,75548
2026-01-02 09:54:31,332.44,250,83110
2026-01-02 09:54:32,333.01,238,79256
2026-01-02 09:54:33,333.44,241,80359
2026-01-02 09:54:34,334.60,251,83985
2026-01-02 09:54:35,337.80,214,72289
2026-01-02 09:54:36,338.12,262,88587
2026-01-02 09:54:37,336.38,263,88468
2026-01-02 09:54:38,337.08,259,87304
2026-01-02 09:54:39,338.01,256,86531
2026-01-02 09:54:40,339.23,231,78362
2026-01-02 09:54:41,339.23,224,75988
2026-01-02 09:54:42,339.23,252,85486
2026-01-02 09:54:43,339.23,227,77005
2026-01-02 09:54:44,339.23,249,84468
2026-01-02 09:54:45,339.23,251,85147
2026-01-02 09:54:46,339.23,242,82094
2026-01-02 09:54:47,339.23,274,92949
2026-01-02 09:54:48,339.23,200,67846
2026-01-02 09:54:49,339.23,246,83451
2026-01-02 09:54:50,339.23,232,78701
2026-01-02 09:54:51,339.23,224,75988
2026-01-02 09:54:52,339.23,262,88878
2026-01-02 09:54:53,339.23,246,83451
2026-01-02 09:54:54,339.23,213,72256
2026-01-02 09:54:55,339.23,247,83790
2026-01-02 09:54:56,339.23,225,76327
2026-01-02 09:54:57,339.23,224,75988
2026-01-02 09:54:58,339.23,238,80737
2026-01-02 09:54:59,339.23,240,81415
2026-01-02 09:55:00,339.23,250,84808
2026-01-02 09:55:01,339.23,259,87861
2026-01-02 09:55:02,339.23,252,85486
2026-01-02 09:55:03,339.23,246,83451
2026-01-02 09:55:04,339.23,250,84808
2026-01-02 09:55:05,339.23,267,90574
2026-01-02 09:55:06,339.23,238,80737
2026-01-02 09:55:07,339.23,267,90574
2026-01-02 09:55:08,339.23,201,68185
2026-01-02 09:55:09,339.23,240,81415
2026-01-02 09:55:10,339.23,220,74631
2026-01-02 09:55:11,339.23,247,83790
2026-01-02 09:55:12,339.23,252,85486
2026-01-02 09:55:13,339.13,243,82409
2026-01-02 09:55:14,339.23,221,74970
2026-01-02 09:55:15,337.85,218,73651
2026-01-02 09:55:16,336.50,227,76386
2026-01-02 09:55:17,337.17,242,81595
2026-01-02 09:55:18,338.09,265,89594
2026-01-02 09:55:19,338.28,219,74083
2026-01-02 09:55:20,337.05,234,78870
2026-01-02 09:55:21,338.44,230,77841
2026-01-02 09:55:22,338.66,235,79585
2026-01-02 09:55:23,339.21,216,73269
2026-01-02 09:55:24,338.63,207,70096
2026-01-02 09:55:25,338.47,246,83264
2026-01-02 09:55:26,338.03,216,73014
2026-01-02 09:55:27,338.13,262,88590
2026-01-02 09:55:28,338.82,204,69119
2026-01-02 09:55:29,339.23,234,79380
2026-01-02 09:55:30,339.23,244,82772
2026-01-02 09:55:31,339.23,234,79380
2026-01-02 09:55:32,339.23,223,75648
2026-01-02 09:55:33,339.23,229,77684
2026-01-02 09:55:34,339.23,233,79041
2026-01-02 09:55:35,339.23,248,84129
2026-01-02 09:55:36,339.23,222,75309
2026-01-02 09:55:37,339.23,251,85147
2026-01-02 09:55:38,339.23,248,84129
2026-01-02 09:55:39,339.23,236,80058
2026-01-02 09:55:40,339.23,257,87182
2026-01-02 09:55:41,339.23,235,79719
2026-01-02 09:55:42,339.23,241,81754
2026-01-02 09:55:43,339.23,237,80398
2026-01-02 09:55:44,339.23,219,74291
2026-01-02 09:55:45,339.23,255,86504
2026-01-02 09:55:46,339.23,218,73952
2026-01-02 09:55:47,339.23,232,78701
2026-01-02 09:55:48,339.23,225,76327
2026-01-02 09:55:49,339.23,256,86843
2026-01-02 09:55:50,339.23,232,78701
2026-01-02 09:55:51,338.70,245,82982
2026-01-02 09:55:52,338.61,204,69076
2026-01-02 09:55:53,338.74,235,79604
2026-01-02 09:55:54,338.76,256,86723
2026-01-02 09:55:55,337.88,250,84470
2026-01-02 09:55:56,339.23,219,74291
2026-01-02 09:55:57,339.16,263,89199
2026-01-02 09:55:58,339.23,220,74631
2026-01-02 09:55:59,339.23,246,83451
2026-01-02 09:56:00,338.98,230,77965
2026-01-02 09:56:01,339.23,220,74631
2026-01-02 09:56:02,339.16,224,75972
2026-01-02 09:56:03,339.23,217,73613
2026-01-02 09:56:04,338.68,246,83315
2026-01-02 09:56:05,338.41,253,85618
2026-01-02 09:56:06,338.09,253,85537
2026-01-02 09:56:07,339.23,242,82094
2026-01-02 09:56:08,339.23,264,89557
2026-01-02 09:56:09,337.91,257,86843
2026-01-02 09:56:10,338.22,208,70350
2026-01-02 09:56:11,338.74,224,75878
2026-01-02 09:56:12,337.94,220,74347
2026-01-02 09:56:13,336.65,234,78776
2026-01-02 09:56:14,334.33,219,73218
2026-01-02 09:56:15,334.82,240,80357
2026-01-02 09:56:16,333.81,246,82117
2026-01-02 09:56:17,333.06,261,86929
2026-01-02 09:56:18,333.25,270,89978
2026-01-02 09:56:19,334.08,237,79177
2026-01-02 09:56:20,332.84,222,73890
2026-01-02 09:56:21,333.43,225,75022
2026-01-02 09:56:22,333.51,249,83044
2026-01-02 09:56:23,332.44,232,77126
2026-01-02 09:56:24,332.44,273,90756
2026-01-02 09:56:25,332.44,244,81115
2026-01-02 09:56:26,332.44,251,83442
2026-01-02 09:56:27,332.44,221,73469
2026-01-02 09:56:28,333.06,215,71608
2026-01-02 09:56:29,334.79,259,86711
2026-01-02 09:56:30,334.66,251,84000
2026-01-02 09:56:31,335.67,240,80561
2026-01-02 09:56:32,334.38,242,80920
2026-01-02 09:56:33,332.44,224,74467
2026-01-02 09:56:34,332.44,217,72139
2026-01-02 09:56:35,332.44,244,81115
2026-01-02 09:56:36,332.44,253,84107
2026-01-02 09:56:37,332.44,216,71807
2026-01-02 09:56:38,332.44,210,69812
2026-01-02 09:56:39,332.44,231,76794
2026-01-02 09:56:40,332.44,237,78788
2026-01-02 09:56:41,332.44,217,72139
2026-01-02 09:56:42,332.44,228,75796
2026-01-02 09:56:43,332.44,231,76794
2026-01-02 09:56:44,332.44,234,77791
2026-01-02 09:56:45,332.44,259,86102
2026-01-02 09:56:46,332.44,243,80783
2026-01-02 09:56:47,332.44,199,66156
2026-01-02 09:56:48,332.44,229,76129
2026-01-02 09:56:49,332.44,223,74134
2026-01-02 09:56:50,332.44,255,84772
2026-01-02 09:56:51,332.44,247,82113
2026-01-02 09:56:52,332.44,233,77459
2026-01-02 09:56:53,332.44,210,69812
2026-01-02 09:56:54,332.44,252,83775
2026-01-02 09:56:55,332.44,230,76461
2026-01-02 09:56:56,332.44,232,77126
2026-01-02 09:56:57,332.44,230,76461
2026-01-02 09:56:58,332.44,217,72139
2026-01-02 09:56:59,332.44,242,80450
2026-01-02 09:57:00,332.44,240,79786
2026-01-02 09:57:01,332.44,214,71142
2026-01-02 09:57:02,332.44,223,74134
2026-01-02 09:57:03,332.44,235,78123
2026-01-02 09:57:04,332.44,258,85770
2026-01-02 09:57:05,332.44,241,80118
2026-01-02 09:57:06,332.44,240,79786
2026-01-02 09:57:07,332.44,250,83110
2026-01-02 09:57:08,332.44,209,69480
2026-01-02 09:57:09,332.44,243,80783
2026-01-02 09:57:10,332.44,242,80450
2026-01-02 09:57:11,332.44,234,77791
2026-01-02 09:57:12,332.44,204,67818
2026-01-02 09:57:13,332.44,240,79786
2026-01-02 09:57:14,332.44,220,73137
2026-01-02 09:57:15,332.44,237,78788
2026-01-02 09:57:16,332.44,236,78456
2026-01-02 09:57:17,332.44,240,79786
2026-01-02 09:57:18,332.44,238,79121
2026-01-02 09:57:19,332.44,230,76461
2026-01-02 09:57:20,332.44,227,75464
2026-01-02 09:57:21,332.44,230,76461
2026-01-02 09:57:22,332.44,233,77459
2026-01-02 09:57:23,332.44,272,90424
2026-01-02 09:57:24,332.44,235,78123
2026-01-02 09:57:25,332.44,251,83442
2026-01-02 09:57:26,332.44,236,78456
2026-01-02 09:57:27,332.44,264,87764
2026-01-02 09:57:28,332.44,230,76461
2026-01-02 09:57:29,332.44,227,75464
2026-01-02 09:57:30,332.44,219,72804
2026-01-02 09:57:31,332.44,222,73802
2026-01-02 09:57:32,332.44,252,83775
2026-01-02 09:57:33,332.44,264,87764
2026-01-02 09:57:34,332.44,234,77791
2026-01-02 09:57:35,332.44,250,83110
2026-01-02 09:57:36,332.44,208,69148
2026-01-02 09:57:37,332.44,237,78788
2026-01-02 09:57:38,332.44,229,76129
2026-01-02 09:57:39,332.44,238,79121
2026-01-02 09:57:40,332.44,226,75131
2026-01-02 09:57:41,332.44,217,72139
2026-01-02 09:57:42,332.44,253,84107
2026-01-02 09:57:43,332.44,233,77459
2026-01-02 09:57:44,332.44,203,67485
2026-01-02 09:57:45,332.44,246,81780
2026-01-02 09:57:46,332.44,245,81448
2026-01-02 09:57:47,332.44,229,76129
2026-01-02 09:57:48,332.44,237,78788
2026-01-02 09:57:49,332.44,227,75464
2026-01-02 09:57:50,332.44,255,84772
2026-01-02 09:57:51,332.44,212,70477
2026-01-02 09:57:52,332.44,224,74467
2026-01-02 09:57:53,332.44,245,81448
2026-01-02 09:57:54,332.44,250,83110
2026-01-02 09:57:55,332.44,219,72804
2026-01-02 09:57:56,332.44,256,85105
2026-01-02 09:57:57,332.44,229,76129
2026-01-02 09:57:58,332.44,211,70145
2026-01-02 09:57:59,332.44,207,68815
2026-01-02 09:58:00,332.44,215,71475
2026-01-02 09:58:01,332.44,216,71807
2026-01-02 09:58:02,332.44,208,69148
2026-01-02 09:58:03,332.44,223,74134
2026-01-02 09:58:04,332.44,209,69480
2026-01-02 09:58:05,332.44,232,77126
2026-01-02 09:58:06,332.44,244,81115
2026-01-02 09:58:07,332.44,233,77459
2026-01-02 09:58:08,332.44,240,79786
2026-01-02 09:58:09,332.44,220,73137
2026-01-02 09:58:10,332.44,267,88761
2026-01-02 09:58:11,332.44,211,70145
2026-01-02 09:58:12,332.44,246,81780
2026-01-02 09:58:13,332.44,230,76461
2026-01-02 09:58:14,332.44,242,80450
2026-01-02 09:58:15,332.44,229,76129
2026-01-02 09:58:16,332.44,253,84107
2026-01-02 09:58:17,332.44,246,81780
2026-01-02 09:58:18,332.44,256,85105
2026-01-02 09:58:19,332.44,248,82445
2026-01-02 09:58:20,332.44,214,71142
2026-01-02 09:58:21,332.44,227,75464
2026-01-02 09:58:22,332.44,249,82778
2026-01-02 09:58:23,332.44,237,78788
2026-01-02 09:58:24,332.44,230,76461
2026-01-02 09:58:25,332.44,241,80118
2026-01-02 09:58:26,332.44,251,83442
2026-01-02 09:58:27,332.44,253,84107
2026-01-02 09:58:28,332.44,227,75464
2026-01-02 09:58:29,332.44,211,70145
2026-01-02 09:58:30,332.44,236,78456
2026-01-02 09:58:31,332.44,242,80450
2026-01-02 09:58:32,332.44,228,75796
2026-01-02 09:58:33,332.44,244,81115
2026-01-02 09:58:34,332.44,245,81448
2026-01-02 09:58:35,332.44,202,67153
2026-01-02 09:58:36,332.44,234,77791
2026-01-02 09:58:37,332.44,237,78788
2026-01-02 09:58:38,332.44,226,75131
2026-01-02 09:58:39,332.44,227,75464
2026-01-02 09:58:40,332.44,215,71475
2026-01-02 09:58:41,332.44,252,83775
2026-01-02 09:58:42,332.44,220,73137
2026-01-02 09:58:43,332.44,246,81780
2026-01-02 09:58:44,332.44,224,74467
2026-01-02 09:58:45,332.44,247,82113
2026-01-02 09:58:46,332.44,217,72139
2026-01-02 09:58:47,332.44,242,80450
2026-01-02 09:58:48,332.44,262,87099
2026-01-02 09:58:49,332.44,244,81115
2026-01-02 09:58:50,332.44,214,71142
2026-01-02 09:58:51,332.44,221,73469
2026-01-02 09:58:52,332.44,214,71142
2026-01-02 09:58:53,332.44,208,69148
2026-01-02 09:58:54,332.44,263,87432
2026-01-02 09:58:55,332.44,216,71807
2026-01-02 09:58:56,332.44,225,74799
2026-01-02 09:58:57,332.44,243,80783
2026-01-02 09:58:58,332.44,239,79453
2026-01-02 09:58:59,332.44,214,71142
2026-01-02 09:59:00,332.44,229,76129
2026-01-02 09:59:01,332.44,202,67153
2026-01-02 09:59:02,332.44,216,71807
2026-01-02 09:59:03,332.44,239,79453
2026-01-02 09:59:04,332.44,196,65158
2026-01-02 09:59:05,332.44,243,80783
2026-01-02 09:59:06,332.44,249,82778
2026-01-02 09:59:07,332.44,224,74467
2026-01-02 09:59:08,332.44,219,72804
2026-01-02 09:59:09,332.44,234,77791
2026-01-02 09:59:10,332.44,231,76794
2026-01-02 09:59:11,332.44,241,80118
2026-01-02 09:59:12,332.44,253,84107
2026-01-02 09:59:13,332.44,212,70477
2026-01-02 09:59:14,332.44,241,80118
2026-01-02 09:59:15,332.44,240,79786
2026-01-02 09:59:16,332.44,200,66488
2026-01-02 09:59:17,332.44,223,74134
2026-01-02 09:59:18,332.44,200,66488
2026-01-02 09:59:19,332.44,214,71142
2026-01-02 09:59:20,332.44,223,74134
2026-01-02 09:59:21,332.44,209,69480
2026-01-02 09:59:22,332.44,221,73469
2026-01-02 09:59:23,332.44,239,79453
2026-01-02 09:59:24,332.44,231,76794
2026-01-02 09:59:25,332.44,237,78788
2026-01-02 09:59:26,332.44,243,80783
2026-01-02 09:59:27,332.44,232,77126
2026-01-02 09:59:28,332.44,241,80118
2026-01-02 09:59:29,332.44,193,64161
2026-01-02 09:59:30,332.44,214,71142
2026-01-02 09:59:31,332.44,223,74134
2026-01-02 09:59:32,332.44,251,83442
2026-01-02 09:59:33,332.44,236,78456
2026-01-02 09:59:34,332.44,229,76129
2026-01-02 09:59:35,332.44,228,75796
2026-01-02 09:59:36,332.44,214,71142
2026-01-02 09:59:37,332.44,223,74134
2026-01-02 09:59:38,332.44,219,72804
2026-01-02 09:59:39,332.44,221,73469
2026-01-02 09:59:40,332.44,233,77459
2026-01-02 09:59:41,332.44,255,84772
2026-01-02 09:59:42,332.44,237,78788
2026-01-02 09:59:43,332.44,210,69812
2026-01-02 09:59:44,332.44,200,66488
2026-01-02 09:59:45,332.44,241,80118
2026-01-02 09:59:46,332.44,211,70145
2026-01-02 09:59:47,332.44,246,81780
2026-01-02 09:59:48,332.44,242,80450
2026-01-02 09:59:49,332.44,249,82778
2026-01-02 09:59:50,332.44,231,76794
2026-01-02 09:59:51,332.44,204,67818
2026-01-02 09:59:52,332.44,218,72472
2026-01-02 09:59:53,332.44,233,77459
2026-01-02 09:59:54,332.44,236,78456
2026-01-02 09:59:55,332.44,221,73469
2026-01-02 09:59:56,332.44,244,81115
2026-01-02 09:59:57,332.44,225,74799
2026-01-02 09:59:58,332.44,206,68483
2026-01-02 09:59:59,332.44,233,77459
2026-01-02 10:00:00,332.44,239,79453
2026-01-02 10:00:01,332.44,220,73137
2026-01-02 10:00:02,332.44,243,80783
2026-01-02 10:00:03,332.44,235,78123
2026-01-02 10:00:04,332.44,251,83442
2026-01-02 10:00:05,332.44,208,69148
2026-01-02 10:00:06,332.44,233,77459
2026-01-02 10:00:07,332.44,232,77126
2026-01-02 10:00:08,332.44,211,70145
2026-01-02 10:00:09,332.44,223,74134
2026-01-02 10:00:10,332.44,237,78788
2026-01-02 10:00:11,332.44,242,80450
2026-01-02 10:00:12,332.44,199,66156
2026-01-02 10:00:13,332.44,227,75464
2026-01-02 10:00:14,332.44,247,82113
2026-01-02 10:00:15,332.44,227,75464
2026-01-02 10:00:16,332.44,241,80118
2026-01-02 10:00:17,332.44,248,82445
2026-01-02 10:00:18,332.44,227,75464
2026-01-02 10:00:19,332.44,226,75131
2026-01-02 10:00:20,332.44,243,80783
2026-01-02 10:00:21,332.44,228,75796
2026-01-02 10:00:22,332.44,219,72804
2026-01-02 10:00:23,332.44,210,69812
2026-01-02 10:00:24,332.44,209,69480
2026-01-02 10:00:25,332.44,223,74134
2026-01-02 10:00:26,332.44,210,69812
2026-01-02 10:00:27,332.44,223,74134
2026-01-02 10:00:28,332.44,229,76129
2026-01-02 10:00:29,332.44,212,70477
2026-01-02 10:00:30,332.44,223,74134
2026-01-02 10:00:31,332.44,226,75131
2026-01-02 10:00:32,332.44,200,66488
2026-01-02 10:00:33,332.44,207,68815
2026-01-02 10:00:34,332.44,223,74134
2026-01-02 10:00:35,332.44,232,77126
2026-01-02 10:00:36,332.44,230,76461
2026-01-02 10:00:37,332.44,266,88429
2026-01-02 10:00:38,332.44,228,75796
2026-01-02 10:00:39,332.44,241,80118
2026-01-02 10:00:40,332.44,220,73137
2026-01-02 10:00:41,332.44,238,79121
2026-01-02 10:00:42,332.44,215,71475
2026-01-02 10:00:43,332.44,220,73137
2026-01-02 10:00:44,332.44,265,88097
2026-01-02 10:00:45,332.44,216,71807
2026-01-02 10:00:46,332.44,219,72804
2026-01-02 10:00:47,332.44,217,72139
2026-01-02 10:00:48,332.44,204,67818
2026-01-02 10:00:49,332.44,225,74799
2026-01-02 10:00:50,332.44,193,64161
2026-01-02 10:00:51,332.44,232,77126
2026-01-02 10:00:52,332.44,216,71807
2026-01-02 10:00:53,332.44,234,77791
2026-01-02 10:00:54,332.44,213,70810
2026-01-02 10:00:55,332.44,228,75796
2026-01-02 10:00:56,332.44,242,80450
2026-01-02 10:00:57,332.44,222,73802
2026-01-02 10:00:58,332.44,228,75796
2026-01-02 10:00:59,332.44,227,75464
2026-01-02 10:01:00,332.44,218,72472
2026-01-02 10:01:01,332.44,234,77791
2026-01-02 10:01:02,332.44,222,73802
2026-01-02 10:01:03,332.44,231,76794
2026-01-02 10:01:04,332.44,216,71807
2026-01-02 10:01:05,332.44,217,72139
2026-01-02 10:01:06,332.44,226,75131
2026-01-02 10:01:07,332.44,193,64161
2026-01-02 10:01:08,332.44,242,80450
2026-01-02 10:01:09,332.44,245,81448
2026-01-02 10:01:10,332.44,220,73137
2026-01-02 10:01:11,332.44,211,70145
2026-01-02 10:01:12,332.44,226,75131
2026-01-02 10:01:13,332.44,252,83775
2026-01-02 10:01:14,332.44,205,68150
2026-01-02 10:01:15,332.44,220,73137
2026-01-02 10:01:16,332.44,233,77459
2026-01-02 10:01:17,332.44,206,68483
2026-01-02 10:01:18,332.44,210,69812
2026-01-02 10:01:19,332.44,224,74467
2026-01-02 10:01:20,332.44,217,72139
2026-01-02 10:01:21,332.44,205,68150
2026-01-02 10:01:22,332.44,215,71475
2026-01-02 10:01:23,332.44,221,73469
2026-01-02 10:01:24,332.44,190,63164
2026-01-02 10:01:25,332.44,217,72139
2026-01-02 10:01:26,332.44,234,77791
2026-01-02 10:01:27,332.44,251,83442
2026-01-02 10:01:28,332.44,233,77459
2026-01-02 10:01:29,332.44,238,79121
2026-01-02 10:01:30,332.44,221,73469
2026-01-02 10:01:31,332.44,217,72139
2026-01-02 10:01:32,332.44,215,71475
2026-01-02 10:01:33,332.44,210,69812
2026-01-02 10:01:34,332.44,226,75131
2026-01-02 10:01:35,332.44,245,81448
2026-01-02 10:01:36,332.44,231,76794
2026-01-02 10:01:37,332.44,234,77791
2026-01-02 10:01:38,332.44,243,80783
2026-01-02 10:01:39,332.44,203,67485
2026-01-02 10:01:40,332.44,238,79121
2026-01-02 10:01:41,332.44,225,74799
2026-01-02 10:01:42,332.44,214,71142
2026-01-02 10:01:43,332.44,226,75131
2026-01-02 10:01:44,332.44,216,71807
2026-01-02 10:01:45,332.44,232,77126
2026-01-02 10:01:46,332.44,198,65823
2026-01-02 10:01:47,332.44,195,64826
2026-01-02 10:01:48,332.44,213,70810
2026-01-02 10:01:49,332.44,234,77791
2026-01-02 10:01:50,332.44,251,83442
2026-01-02 10:01:51,332.44,204,67818
2026-01-02 10:01:52,332.44,205,68150
2026-01-02 10:01:53,332.44,213,70810
2026-01-02 10:01:54,332.44,211,70145
2026-01-02 10:01:55,332.44,234,77791
2026-01-02 10:01:56,332.44,223,74134
2026-01-02 10:01:57,332.44,239,79453
2026-01-02 10:01:58,332.44,226,75131
2026-01-02 10:01:59,332.44,234,77791
2026-01-02 10:02:00,332.44,211,70145
2026-01-02 10:02:01,332.44,233,77459
2026-01-02 10:02:02,332.44,205,68150
2026-01-02 10:02:03,332.44,215,71475
2026-01-02 10:02:04,332.44,258,85770
2026-01-02 10:02:05,332.44,203,67485
2026-01-02 10:02:06,332.44,210,69812
2026-01-02 10:02:07,332.44,199,66156
2026-01-02 10:02:08,332.44,205,68150
2026-01-02 10:02:09,332.44,251,83442
2026-01-02 10:02:10,332.44,240,79786
2026-01-02 10:02:11,332.44,217,72139
2026-01-02 10:02:12,332.44,206,68483
2026-01-02 10:02:13,332.44,217,72139
2026-01-02 10:02:14,332.44,197,65491
2026-01-02 10:02:15,332.44,224,74467
2026-01-02 10:02:16,332.44,219,72804
2026-01-02 10:02:17,332.44,221,73469
2026-01-02 10:02:18,332.44,213,70810
2026-01-02 10:02:19,332.44,234,77791
2026-01-02 10:02:20,332.44,191,63496
2026-01-02 10:02:21,332.44,219,72804
2026-01-02 10:02:22,332.44,208,69148
2026-01-02 10:02:23,332.44,222,73802
2026-01-02 10:02:24,332.44,239,79453
2026-01-02 10:02:25,332.44,238,79121
2026-01-02 10:02:26,332.44,226,75131
2026-01-02 10:02:27,332.44,221,73469
2026-01-02 10:02:28,332.44,207,68815
2026-01-02 10:02:29,332.44,226,75131
2026-01-02 10:02:30,332.44,223,74134
2026-01-02 10:02:31,332.44,234,77791
2026-01-02 10:02:32,332.44,246,81780
2026-01-02 10:02:33,332.44,226,75131
2026-01-02 10:02:34,332.44,213,70810
2026-01-02 10:02:35,332.44,222,73802
2026-01-02 10:02:36,332.44,213,70810
2026-01-02 10:02:37,332.44,222,73802
2026-01-02 10:02:38,332.44,218,72472
2026-01-02 10:02:39,332.44,213,70810
2026-01-02 10:02:40,332.44,226,75131
2026-01-02 10:02:41,332.44,247,82113
2026-01-02 10:02:42,332.44,227,75464
2026-01-02 10:02:43,332.44,201,66820
2026-01-02 10:02:44,332.44,254,84440
2026-01-02 10:02:45,332.44,224,74467
2026-01-02 10:02:46,332.44,216,71807
2026-01-02 10:02:47,332.44,227,75464
2026-01-02 10:02:48,332.44,224,74467
2026-01-02 10:02:49,332.44,224,74467
2026-01-02 10:02:50,332.44,209,69480
2026-01-02 10:02:51,332.44,223,74134
2026-01-02 10:02:52,332.44,229,76129
2026-01-02 10:02:53,332.44,237,78788
2026-01-02 10:02:54,332.44,210,69812
2026-01-02 10:02:55,332.44,225,74799
2026-01-02 10:02:56,332.44,207,68815
2026-01-02 10:02:57,332.44,229,76129
2026-01-02 10:02:58,332.44,213,70810
2026-01-02 10:02:59,332.44,224,74467
2026-01-02 10:03:00,332.44,219,72804
2026-01-02 10:03:01,332.44,204,67818
2026-01-02 10:03:02,332.44,179,59507
2026-01-02 10:03:03,332.44,212,70477
2026-01-02 10:03:04,332.44,221,73469
2026-01-02 10:03:05,332.44,202,67153
2026-01-02 10:03:06,332.44,200,66488
2026-01-02 10:03:07,332.44,221,73469
2026-01-02 10:03:08,332.44,199,66156
2026-01-02 10:03:09,332.44,223,74134
2026-01-02 10:03:10,332.44,226,75131
2026-01-02 10:03:11,332.44,232,77126
2026-01-02 10:03:12,332.44,228,75796
2026-01-02 10:03:13,332.44,229,76129
2026-01-02 10:03:14,332.44,205,68150
2026-01-02 10:03:15,332.44,218,72472
2026-01-02 10:03:16,332.44,221,73469
2026-01-02 10:03:17,332.44,214,71142
2026-01-02 10:03:18,332.44,225,74799
2026-01-02 10:03:19,332.44,215,71475
2026-01-02 10:03:20,332.44,226,75131
2026-01-02 10:03:21,332.44,207,68815
2026-01-02 10:03:22,332.44,255,84772
2026-01-02 10:03:23,332.44,217,72139
2026-01-02 10:03:24,332.44,217,72139
2026-01-02 10:03:25,332.44,195,64826
2026-01-02 10:03:26,332.44,217,72139
2026-01-02 10:03:27,332.44,216,71807
2026-01-02 10:03:28,332.44,231,76794
2026-01-02 10:03:29,332.44,228,75796
2026-01-02 10:03:30,332.44,215,71475
2026-01-02 10:03:31,332.44,218,72472
2026-01-02 10:03:32,332.44,204,67818
2026-01-02 10:03:33,332.44,223,74134
2026-01-02 10:03:34,332.44,227,75464
2026-01-02 10:03:35,332.44,213,70810
2026-01-02 10:03:36,332.44,199,66156
2026-01-02 10:03:37,332.44,222,73802
2026-01-02 10:03:38,332.44,257,85437
2026-01-02 10:03:39,332.44,214,71142
2026-01-02 10:03:40,332.44,197,65491
2026-01-02 10:03:41,332.44,193,64161
2026-01-02 10:03:42,332.44,237,78788
2026-01-02 10:03:43,332.44,207,68815
2026-01-02 10:03:44,332.44,217,72139
2026-01-02 10:03:45,332.44,206,68483
2026-01-02 10:03:46,332.44,223,74134
2026-01-02 10:03:47,332.44,222,73802
2026-01-02 10:03:48,332.44,235,78123
2026-01-02 10:03:49,332.44,229,76129
2026-01-02 10:03:50,332.44,230,76461
2026-01-02 10:03:51,332.44,233,77459
2026-01-02 10:03:52,332.44,233,77459
2026-01-02 10:03:53,332.44,237,78788
2026-01-02 10:03:54,332.44,224,74467
2026-01-02 10:03:55,332.44,212,70477
2026-01-02 10:03:56,332.44,223,74134
2026-01-02 10:03:57,332.44,215,71475
2026-01-02 10:03:58,332.44,226,75131
2026-01-02 10:03:59,332.44,208,69148
2026-01-02 10:04:00,332.44,228,75796
2026-01-02 10:04:01,332.44,206,68483
2026-01-02 10:04:02,332.44,234,77791
2026-01-02 10:04:03,332.44,209,69480
2026-01-02 10:04:04,332.44,204,67818
2026-01-02 10:04:05,332.44,203,67485
2026-01-02 10:04:06,332.44,221,73469
2026-01-02 10:04:07,332.44,184,61169
2026-01-02 10:04:08,332.44,213,70810
2026-01-02 10:04:09,332.44,212,70477
2026-01-02 10:04:10,332.44,217,72139
2026-01-02 10:04:11,332.44,199,66156
2026-01-02 10:04:12,332.44,200,66488
2026-01-02 10:04:13,332.44,235,78123
2026-01-02 10:04:14,332.44,262,87099
2026-01-02 10:04:15,332.44,228,75796
2026-01-02 10:04:16,332.44,224,74467
2026-01-02 10:04:17,332.44,230,76461
2026-01-02 10:04:18,332.44,201,66820
2026-01-02 10:04:19,332.44,225,74799
2026-01-02 10:04:20,332.44,234,77791
2026-01-02 10:04:21,332.44,223,74134
2026-01-02 10:04:22,332.44,206,68483
2026-01-02 10:04:23,332.44,234,77791
2026-01-02 10:04:24,332.44,204,67818
2026-01-02 10:04:25,332.44,262,87099
2026-01-02 10:04:26,332.44,210,69812
2026-01-02 10:04:27,332.44,200,66488
2026-01-02 10:04:28,332.44,235,78123
2026-01-02 10:04:29,332.44,198,65823
2026-01-02 10:04:30,332.44,218,72472
2026-01-02 10:04:31,332.44,235,78123
2026-01-02 10:04:32,332.44,212,70477
2026-01-02 10:04:33,332.44,216,71807
2026-01-02 10:04:34,332.44,253,84107
2026-01-02 10:04:35,332.44,245,81448
2026-01-02 10:04:36,332.44,213,70810
2026-01-02 10:04:37,332.44,212,70477
2026-01-02 10:04:38,332.44,197,65491
2026-01-02 10:04:39,332.44,208,69148
2026-01-02 10:04:40,332.44,198,65823
2026-01-02 10:04:41,332.44,229,76129
2026-01-02 10:04:42,332.44,218,72472
2026-01-02 10:04:43,332.44,225,74799
2026-01-02 10:04:44,333.60,204,68054
2026-01-02 10:04:45,332.44,195,64826
2026-01-02 10:04:46,333.56,204,68046
2026-01-02 10:04:47,332.44,205,68150
2026-01-02 10:04:48,332.44,203,67485
2026-01-02 10:04:49,332.44,228,75796
2026-01-02 10:04:50,332.44,249,82778
2026-01-02 10:04:51,332.44,218,72472
2026-01-02 10:04:52,333.67,220,73407
2026-01-02 10:04:53,334.25,222,74204
2026-01-02 10:04:54,334.85,232,77685
2026-01-02 10:04:55,334.03,239,79833
2026-01-02 10:04:56,334.63,222,74288
2026-01-02 10:04:57,335.65,231,77535
2026-01-02 10:04:58,335.90,228,76585
2026-01-02 10:04:59,336.18,201,67572
2026-01-02 10:05:00,337.41,217,73218
2026-01-02 10:05:01,338.29,227,76792
2026-01-02 10:05:02,339.23,211,71578
2026-01-02 10:05:03,339.23,206,69881
2026-01-02 10:05:04,339.23,207,70221
2026-01-02 10:05:05,339.23,218,73952
2026-01-02 10:05:06,338.68,224,75864
2026-01-02 10:05:07,339.23,240,81415
2026-01-02 10:05:08,339.23,165,55973
2026-01-02 10:05:09,339.23,225,76327
2026-01-02 10:05:10,339.23,227,77005
2026-01-02 10:05:11,339.23,173,58687
2026-01-02 10:05:12,339.23,191,64793
2026-01-02 10:05:13,339.23,233,79041
2026-01-02 10:05:14,339.23,243,82433
2026-01-02 10:05:15,339.23,207,70221
2026-01-02 10:05:16,339.23,213,72256
2026-01-02 10:05:17,339.23,220,74631
2026-01-02 10:05:18,339.23,213,72256
2026-01-02 10:05:19,339.23,226,76666
2026-01-02 10:05:20,339.23,226,76666
2026-01-02 10:05:21,339.23,217,73613
2026-01-02 10:05:22,339.23,217,73613
2026-01-02 10:05:23,339.23,206,69881
2026-01-02 10:05:24,339.23,202,68524
2026-01-02 10:05:25,339.23,224,75988
2026-01-02 10:05:26,339.23,199,67507
2026-01-02 10:05:27,339.23,207,70221
2026-01-02 10:05:28,339.23,207,70221
2026-01-02 10:05:29,339.10,228,77315
2026-01-02 10:05:30,339.23,180,61061
2026-01-02 10:05:31,337.48,220,74246
2026-01-02 10:05:32,336.81,197,66352
2026-01-02 10:05:33,336.71,198,66669
2026-01-02 10:05:34,337.08,214,72135
2026-01-02 10:05:35,336.96,205,69077
2026-01-02 10:05:36,336.09,197,66210
2026-01-02 10:05:37,335.63,196,65783
2026-01-02 10:05:38,334.32,214,71544
2026-01-02 10:05:39,335.18,219,73404
2026-01-02 10:05:40,335.00,214,71690
2026-01-02 10:05:41,334.53,237,79284
2026-01-02 10:05:42,336.32,232,78026
2026-01-02 10:05:43,336.11,215,72264
2026-01-02 10:05:44,337.99,192,64894
2026-01-02 10:05:45,338.80,233,78940
2026-01-02 10:05:46,336.55,208,70002
2026-01-02 10:05:47,336.12,228,76635
2026-01-02 10:05:48,333.76,246,82105
2026-01-02 10:05:49,333.22,214,71309
2026-01-02 10:05:50,333.82,210,70102
2026-01-02 10:05:51,333.25,219,72982
2026-01-02 10:05:52,332.44,228,75796
2026-01-02 10:05:53,332.44,201,66820
2026-01-02 10:05:54,332.58,221,73500
2026-01-02 10:05:55,333.67,199,66400
2026-01-02 10:05:56,335.03,215,72031
2026-01-02 10:05:57,336.80,218,73422
2026-01-02 10:05:58,337.38,215,72537
2026-01-02 10:05:59,336.79,209,70389
2026-01-02 10:06:00,336.00,176,59136
2026-01-02 10:06:01,335.63,217,72832
2026-01-02 10:06:02,336.46,214,72002
2026-01-02 10:06:03,338.01,201,67940
2026-01-02 10:06:04,337.79,198,66882
2026-01-02 10:06:05,337.92,173,58460
2026-01-02 10:06:06,338.36,205,69364
2026-01-02 10:06:07,338.91,219,74221
2026-01-02 10:06:08,339.23,198,67168
2026-01-02 10:06:09,338.49,218,73791
2026-01-02 10:06:10,338.75,207,70121
2026-01-02 10:06:11,338.46,210,71077
2026-01-02 10:06:12,335.73,215,72182
2026-01-02 10:06:13,334.80,236,79013
2026-01-02 10:06:14,334.21,216,72189
2026-01-02 10:06:15,334.78,210,70304
2026-01-02 10:06:16,333.91,211,70455
2026-01-02 10:06:17,334.99,231,77383
2026-01-02 10:06:18,334.54,237,79286
2026-01-02 10:06:19,334.58,212,70931
2026-01-02 10:06:20,332.44,220,73137
2026-01-02 10:06:21,332.44,210,69812
2026-01-02 10:06:22,332.44,217,72139
2026-01-02 10:06:23,332.44,208,69148
2026-01-02 10:06:24,332.44,189,62831
2026-01-02 10:06:25,332.44,207,68815
2026-01-02 10:06:26,332.44,196,65158
2026-01-02 10:06:27,332.44,192,63828
2026-01-02 10:06:28,332.44,223,74134
2026-01-02 10:06:29,332.44,203,67485
2026-01-02 10:06:30,332.44,207,68815
2026-01-02 10:06:31,332.44,196,65158
2026-01-02 10:06:32,332.44,189,62831
2026-01-02 10:06:33,332.44,204,67818
2026-01-02 10:06:34,332.44,204,67818
2026-01-02 10:06:35,332.44,203,67485
2026-01-02 10:06:36,332.44,222,73802
2026-01-02 10:06:37,332.44,213,70810
2026-01-02 10:06:38,332.44,238,79121
2026-01-02 10:06:39,332.44,198,65823
2026-01-02 10:06:40,332.44,211,70145
2026-01-02 10:06:41,332.44,196,65158
2026-01-02 10:06:42,332.44,217,72139
2026-01-02 10:06:43,332.44,229,76129
2026-01-02 10:06:44,332.44,214,71142
2026-01-02 10:06:45,332.44,232,77126
2026-01-02 10:06:46,332.44,195,64826
2026-01-02 10:06:47,332.44,231,76794
2026-01-02 10:06:48,332.44,215,71475
2026-01-02 10:06:49,332.44,195,64826
2026-01-02 10:06:50,332.44,219,72804
2026-01-02 10:06:51,332.44,211,70145
2026-01-02 10:06:52,332.44,192,63828
2026-01-02 10:06:53,332.44,232,77126
2026-01-02 10:06:54,332.44,222,73802
2026-01-02 10:06:55,332.44,193,64161
2026-01-02 10:06:56,332.44,217,72139
2026-01-02 10:06:57,332.44,226,75131
2026-01-02 10:06:58,332.44,216,71807
2026-01-02 10:06:59,332.44,175,58177
2026-01-02 10:07:00,332.44,229,76129
2026-01-02 10:07:01,332.44,210,69812
2026-01-02 10:07:02,332.44,223,74134
2026-01-02 10:07:03,332.44,239,79453
2026-01-02 10:07:04,332.44,212,70477
2026-01-02 10:07:05,332.44,200,66488
2026-01-02 10:07:06,332.44,215,71475
2026-01-02 10:07:07,332.44,205,68150
2026-01-02 10:07:08,332.44,231,76794
2026-01-02 10:07:09,332.44,227,75464
2026-01-02 10:07:10,332.44,183,60837
2026-01-02 10:07:11,332.44,182,60504
2026-01-02 10:07:12,332.44,220,73137
2026-01-02 10:07:13,332.44,194,64493
2026-01-02 10:07:14,332.44,212,70477
2026-01-02 10:07:15,332.44,214,71142
2026-01-02 10:07:16,332.44,203,67485
2026-01-02 10:07:17,332.44,219,72804
2026-01-02 10:07:18,332.44,193,64161
2026-01-02 10:07:19,332.44,189,62831
2026-01-02 10:07:20,332.44,205,68150
2026-01-02 10:07:21,332.44,202,67153
2026-01-02 10:07:22,332.44,193,64161
2026-01-02 10:07:23,332.44,212,70477
2026-01-02 10:07:24,332.44,201,66820
2026-01-02 10:07:25,332.44,240,79786
2026-01-02 10:07:26,332.44,198,65823
2026-01-02 10:07:27,332.44,195,64826
2026-01-02 10:07:28,332.44,235,78123
2026-01-02 10:07:29,332.44,210,69812
2026-01-02 10:07:30,332.44,196,65158
2026-01-02 10:07:31,332.44,228,75796
2026-01-02 10:07:32,332.44,203,67485
2026-01-02 10:07:33,332.44,214,71142
2026-01-02 10:07:34,332.44,203,67485
2026-01-02 10:07:35,332.44,214,71142
2026-01-02 10:07:36,332.44,207,68815
2026-01-02 10:07:37,332.44,208,69148
2026-01-02 10:07:38,332.44,206,68483
2026-01-02 10:07:39,332.44,207,68815
2026-01-02 10:07:40,332.44,223,74134
2026-01-02 10:07:41,332.44,202,67153
2026-01-02 10:07:42,332.44,206,68483
2026-01-02 10:07:43,332.44,225,74799
2026-01-02 10:07:44,332.44,215,71475
2026-01-02 10:07:45,332.44,229,76129
2026-01-02 10:07:46,332.44,206,68483
2026-01-02 10:07:47,332.44,209,69480
2026-01-02 10:07:48,332.44,188,62499
2026-01-02 10:07:49,332.44,209,69480
2026-01-02 10:07:50,332.44,210,69812
2026-01-02 10:07:51,332.44,196,65158
2026-01-02 10:07:52,332.44,191,63496
2026-01-02 10:07:53,332.44,208,69148
2026-01-02 10:07:54,332.44,195,64826
2026-01-02 10:07:55,332.44,217,72139
2026-01-02 10:07:56,332.44,202,67153
2026-01-02 10:07:57,332.44,195,64826
2026-01-02 10:07:58,332.44,199,66156
2026-01-02 10:07:59,332.44,233,77459
2026-01-02 10:08:00,332.44,208,69148
2026-01-02 10:08:01,332.44,222,73802
2026-01-02 10:08:02,332.44,192,63828
2026-01-02 10:08:03,332.44,208,69148
2026-01-02 10:08:04,332.44,195,64826
2026-01-02 10:08:05,332.44,213,70810
2026-01-02 10:08:06,332.44,229,76129
2026-01-02 10:08:07,332.44,200,66488
2026-01-02 10:08:08,332.44,186,61834
2026-01-02 10:08:09,332.44,199,66156
2026-01-02 10:08:10,332.44,177,58842
2026-01-02 10:08:11,332.44,191,63496
2026-01-02 10:08:12,332.44,188,62499
2026-01-02 10:08:13,332.44,206,68483
2026-01-02 10:08:14,332.44,208,69148
2026-01-02 10:08:15,332.44,211,70145
2026-01-02 10:08:16,332.44,218,72472
2026-01-02 10:08:17,332.44,200,66488
2026-01-02 10:08:18,332.44,201,66820
2026-01-02 10:08:19,332.44,197,65491
2026-01-02 10:08:20,332.44,181,60172
2026-01-02 10:08:21,332.44,223,74134
2026-01-02 10:08:22,332.44,199,66156
2026-01-02 10:08:23,332.44,230,76461
2026-01-02 10:08:24,332.44,205,68150
2026-01-02 10:08:25,332.44,180,59839
2026-01-02 10:08:26,332.44,194,64493
2026-01-02 10:08:27,332.44,212,70477
2026-01-02 10:08:28,332.44,222,73802
2026-01-02 10:08:29,332.44,190,63164
2026-01-02 10:08:30,332.44,197,65491
2026-01-02 10:08:31,332.44,173,57512
2026-01-02 10:08:32,332.44,215,71475
2026-01-02 10:08:33,332.44,180,59839
2026-01-02 10:08:34,332.44,221,73469
2026-01-02 10:08:35,332.44,209,69480
2026-01-02 10:08:36,332.44,188,62499
2026-01-02 10:08:37,332.44,218,72472
2026-01-02 10:08:38,332.44,232,77126
2026-01-02 10:08:39,332.44,193,64161
2026-01-02 10:08:40,332.44,216,71807
2026-01-02 10:08:41,332.44,207,68815
2026-01-02 10:08:42,332.44,237,78788
2026-01-02 10:08:43,332.44,219,72804
2026-01-02 10:08:44,332.44,211,70145
2026-01-02 10:08:45,332.44,207,68815
2026-01-02 10:08:46,332.44,225,74799
2026-01-02 10:08:47,332.44,163,54188
2026-01-02 10:08:48,332.44,220,73137
2026-01-02 10:08:49,332.44,198,65823
2026-01-02 10:08:50,332.44,208,69148
2026-01-02 10:08:51,332.44,226,75131
2026-01-02 10:08:52,332.44,210,69812
2026-01-02 10:08:53,332.44,219,72804
2026-01-02 10:08:54,332.44,197,65491
2026-01-02 10:08:55,332.44,229,76129
2026-01-02 10:08:56,332.44,199,66156
2026-01-02 10:08:57,332.44,196,65158
2026-01-02 10:08:58,332.44,211,70145
2026-01-02 10:08:59,332.44,201,66820
2026-01-02 10:09:00,332.44,203,67485
2026-01-02 10:09:01,332.44,184,61169
2026-01-02 10:09:02,332.44,203,67485
2026-01-02 10:09:03,332.44,205,68150
2026-01-02 10:09:04,332.44,217,72139
2026-01-02 10:09:05,332.44,216,71807
2026-01-02 10:09:06,332.44,206,68483
2026-01-02 10:09:07,332.44,239,79453
2026-01-02 10:09:08,332.44,210,69812
2026-01-02 10:09:09,332.44,217,72139
2026-01-02 10:09:10,332.44,198,65823
2026-01-02 10:09:11,332.44,222,73802
2026-01-02 10:09:12,332.44,217,72139
2026-01-02 10:09:13,332.44,197,65491
2026-01-02 10:09:14,332.44,202,67153
2026-01-02 10:09:15,332.44,204,67818
2026-01-02 10:09:16,332.44,191,63496
2026-01-02 10:09:17,332.44,199,66156
2026-01-02 10:09:18,332.44,227,75464
2026-01-02 10:09:19,332.44,205,68150
2026-01-02 10:09:20,332.44,217,72139
2026-01-02 10:09:21,332.44,214,71142
2026-01-02 10:09:22,332.44,211,70145
2026-01-02 10:09:23,332.44,198,65823
2026-01-02 10:09:24,332.44,208,69148
2026-01-02 10:09:25,332.44,190,63164
2026-01-02 10:09:26,332.44,198,65823
2026-01-02 10:09:27,332.44,208,69148
2026-01-02 10:09:28,332.44,193,64161
2026-01-02 10:09:29,332.44,191,63496
2026-01-02 10:09:30,332.44,233,77459
2026-01-02 10:09:31,332.44,217,72139
2026-01-02 10:09:32,332.44,209,69480
2026-01-02 10:09:33,332.44,219,72804
2026-01-02 10:09:34,332.44,206,68483
2026-01-02 10:09:35,332.45,199,66158
2026-01-02 10:09:36,333.16,216,71963
2026-01-02 10:09:37,333.91,184,61439
2026-01-02 10:09:38,332.44,218,72472
2026-01-02 10:09:39,333.32,187,62331
2026-01-02 10:09:40,332.73,198,65881
2026-01-02 10:09:41,334.20,192,64166
2026-01-02 10:09:42,334.70,195,65266
2026-01-02 10:09:43,334.02,206,68808
2026-01-02 10:09:44,334.04,186,62131
2026-01-02 10:09:45,334.30,230,76889
2026-01-02 10:09:46,336.32,193,64910
2026-01-02 10:09:47,335.18,217,72734
2026-01-02 10:09:48,334.96,211,70677
2026-01-02 10:09:49,335.25,182,61016
2026-01-02 10:09:50,335.39,214,71773
2026-01-02 10:09:51,333.05,212,70607
2026-01-02 10:09:52,332.96,178,59267
2026-01-02 10:09:53,332.44,225,74799
2026-01-02 10:09:54,332.44,198,65823
2026-01-02 10:09:55,333.80,208,69430
2026-01-02 10:09:56,333.63,214,71397
2026-01-02 10:09:57,334.78,191,63943
2026-01-02 10:09:58,335.41,195,65405
2026-01-02 10:09:59,337.23,210,70818
2026-01-02 10:10:00,338.32,193,65296
2026-01-02 10:10:01,338.51,199,67363
2026-01-02 10:10:02,338.55,200,67710
2026-01-02 10:10:03,337.94,220,74347
2026-01-02 10:10:04,338.17,207,70001
2026-01-02 10:10:05,337.09,214,72137
2026-01-02 10:10:06,336.93,194,65364
2026-01-02 10:10:07,337.19,185,62380
2026-01-02 10:10:08,337.57,221,74603
2026-01-02 10:10:09,337.51,190,64127
2026-01-02 10:10:10,336.80,213,71738
2026-01-02 10:10:11,337.57,204,68864
2026-01-02 10:10:12,336.78,201,67693
2026-01-02 10:10:13,337.20,191,64405
2026-01-02 10:10:14,338.13,177,59849
2026-01-02 10:10:15,339.23,218,73952
2026-01-02 10:10:16,339.23,190,64454
2026-01-02 10:10:17,339.23,227,77005
2026-01-02 10:10:18,338.96,206,69826
2026-01-02 10:10:19,339.23,200,67846
2026-01-02 10:10:20,339.23,186,63097
2026-01-02 10:10:21,339.23,204,69203
2026-01-02 10:10:22,339.23,201,68185
2026-01-02 10:10:23,339.23,195,66150
2026-01-02 10:10:24,339.23,204,69203
2026-01-02 10:10:25,339.23,212,71917
2026-01-02 10:10:26,339.23,199,67507
2026-01-02 10:10:27,339.23,195,66150
2026-01-02 10:10:28,339.23,178,60383
2026-01-02 10:10:29,339.23,187,63436
2026-01-02 10:10:30,339.23,214,72595
2026-01-02 10:10:31,339.23,217,73613
2026-01-02 10:10:32,339.23,192,65132
2026-01-02 10:10:33,339.23,221,74970
2026-01-02 10:10:34,339.23,210,71238
2026-01-02 10:10:35,339.23,189,64114
2026-01-02 10:10:36,338.94,193,65415
2026-01-02 10:10:37,337.52,199,67166
2026-01-02 10:10:38,335.84,204,68511
2026-01-02 10:10:39,335.74,203,68155
2026-01-02 10:10:40,336.54,194,65289
2026-01-02 10:10:41,335.51,202,67773
2026-01-02 10:10:42,334.17,211,70510
2026-01-02 10:10:43,334.43,201,67220
2026-01-02 10:10:44,333.83,186,62092
2026-01-02 10:10:45,332.44,199,66156
2026-01-02 10:10:46,332.44,205,68150
2026-01-02 10:10:47,332.44,172,57180
2026-01-02 10:10:48,332.44,214,71142
2026-01-02 10:10:49,332.49,201,66830
2026-01-02 10:10:50,333.05,221,73604
2026-01-02 10:10:51,332.44,196,65158
2026-01-02 10:10:52,332.56,202,67177
2026-01-02 10:10:53,334.05,185,61799
2026-01-02 10:10:54,332.76,192,63890
2026-01-02 10:10:55,333.12,214,71288
2026-01-02 10:10:56,334.61,207,69264
2026-01-02 10:10:57,333.88,208,69447
2026-01-02 10:10:58,333.03,211,70269
2026-01-02 10:10:59,333.96,198,66124
2026-01-02 10:11:00,333.26,198,65985
2026-01-02 10:11:01,332.44,176,58509
2026-01-02 10:11:02,332.53,213,70829
2026-01-02 10:11:03,332.44,204,67818
2026-01-02 10:11:04,332.44,191,63496
2026-01-02 10:11:05,332.44,208,69148
2026-01-02 10:11:06,332.44,213,70810
2026-01-02 10:11:07,332.44,194,64493
2026-01-02 10:11:08,332.44,203,67485
2026-01-02 10:11:09,332.44,194,64493
2026-01-02 10:11:10,332.44,176,58509
2026-01-02 10:11:11,332.44,193,64161
2026-01-02 10:11:12,332.44,175,58177
2026-01-02 10:11:13,332.95,193,64259
2026-01-02 10:11:14,333.54,190,63373
2026-01-02 10:11:15,333.64,183,61056
2026-01-02 10:11:16,334.30,212,70872
2026-01-02 10:11:17,332.86,180,59915
2026-01-02 10:11:18,332.44,220,73137
2026-01-02 10:11:19,333.12,213,70955
2026-01-02 10:11:20,332.44,213,70810
2026-01-02 10:11:21,333.89,211,70451
2026-01-02 10:11:22,333.38,218,72677
2026-01-02 10:11:23,333.53,199,66372
2026-01-02 10:11:24,332.75,206,68546
2026-01-02 10:11:25,332.44,214,71142
2026-01-02 10:11:26,332.44,195,64826
2026-01-02 10:11:27,332.44,204,67818
2026-01-02 10:11:28,332.44,199,66156
2026-01-02 10:11:29,332.44,195,64826
2026-01-02 10:11:30,332.44,188,62499
2026-01-02 10:11:31,332.49,220,73148
2026-01-02 10:11:32,333.33,177,58999
2026-01-02 10:11:33,333.96,184,61449
2026-01-02 10:11:34,333.24,200,66648
2026-01-02 10:11:35,334.02,198,66136
2026-01-02 10:11:36,334.04,206,68812
2026-01-02 10:11:37,332.83,226,75220
2026-01-02 10:11:38,332.44,192,63828
2026-01-02 10:11:39,332.44,206,68483
2026-01-02 10:11:40,332.44,214,71142
2026-01-02 10:11:41,332.44,189,62831
2026-01-02 10:11:42,332.44,198,65823
2026-01-02 10:11:43,332.44,198,65823
2026-01-02 10:11:44,332.44,186,61834
2026-01-02 10:11:45,332.44,183,60837
2026-01-02 10:11:46,332.44,228,75796
2026-01-02 10:11:47,332.44,213,70810
2026-01-02 10:11:48,332.44,200,66488
2026-01-02 10:11:49,332.44,170,56515
2026-01-02 10:11:50,332.44,196,65158
2026-01-02 10:11:51,332.44,182,60504
2026-01-02 10:11:52,332.44,209,69480
2026-01-02 10:11:53,332.44,192,63828
2026-01-02 10:11:54,332.44,190,63164
2026-01-02 10:11:55,332.44,211,70145
2026-01-02 10:11:56,332.44,202,67153
2026-01-02 10:11:57,332.44,201,66820
2026-01-02 10:11:58,332.44,221,73469
2026-01-02 10:11:59,332.44,228,75796
2026-01-02 10:12:00,332.44,183,60837
2026-01-02 10:12:01,332.44,180,59839
2026-01-02 10:12:02,332.44,202,67153
2026-01-02 10:12:03,332.44,205,68150
2026-01-02 10:12:04,332.44,189,62831
2026-01-02 10:12:05,332.44,187,62166
2026-01-02 10:12:06,332.44,182,60504
2026-01-02 10:12:07,332.44,185,61501
2026-01-02 10:12:08,332.44,205,68150
2026-01-02 10:12:09,332.44,187,62166
2026-01-02 10:12:10,332.44,206,68483
2026-01-02 10:12:11,332.44,206,68483
2026-01-02 10:12:12,332.44,213,70810
2026-01-02 10:12:13,332.44,204,67818
2026-01-02 10:12:14,332.44,221,73469
2026-01-02 10:12:15,332.44,207,68815
2026-01-02 10:12:16,332.44,214,71142
2026-01-02 10:12:17,332.44,203,67485
2026-01-02 10:12:18,332.44,192,63828
2026-01-02 10:12:19,332.44,198,65823
2026-01-02 10:12:20,332.44,201,66820
2026-01-02 10:12:21,332.44,206,68483
2026-01-02 10:12:22,332.44,203,67485
2026-01-02 10:12:23,332.44,216,71807
2026-01-02 10:12:24,332.44,224,74467
2026-01-02 10:12:25,332.44,207,68815
2026-01-02 10:12:26,332.44,208,69148
2026-01-02 10:12:27,332.44,200,66488
2026-01-02 10:12:28,332.44,205,68150
2026-01-02 10:12:29,332.44,230,76461
2026-01-02 10:12:30,332.44,190,63164
2026-01-02 10:12:31,332.44,201,66820
2026-01-02 10:12:32,332.44,208,69148
2026-01-02 10:12:33,332.44,203,67485
2026-01-02 10:12:34,332.44,214,71142
2026-01-02 10:12:35,332.44,194,64493
2026-01-02 10:12:36,332.44,199,66156
2026-01-02 10:12:37,332.44,194,64493
2026-01-02 10:12:38,332.44,206,68483
2026-01-02 10:12:39,332.44,198,65823
2026-01-02 10:12:40,332.44,191,63496
2026-01-02 10:12:41,332.44,189,62831
2026-01-02 10:12:42,332.44,213,70810
2026-01-02 10:12:43,332.44,214,71142
2026-01-02 10:12:44,332.44,187,62166
2026-01-02 10:12:45,332.44,183,60837
2026-01-02 10:12:46,332.44,180,59839
2026-01-02 10:12:47,332.44,189,62831
2026-01-02 10:12:48,332.44,215,71475
2026-01-02 10:12:49,332.44,203,67485
2026-01-02 10:12:50,332.44,168,55850
2026-01-02 10:12:51,332.44,210,69812
2026-01-02 10:12:52,332.44,206,68483
2026-01-02 10:12:53,332.44,187,62166
2026-01-02 10:12:54,332.44,185,61501
2026-01-02 10:12:55,332.44,208,69148
2026-01-02 10:12:56,332.44,189,62831
2026-01-02 10:12:57,332.44,193,64161
2026-01-02 10:12:58,332.44,197,65491
2026-01-02 10:12:59,332.44,197,65491
2026-01-02 10:13:00,332.44,194,64493
2026-01-02 10:13:01,332.44,186,61834
2026-01-02 10:13:02,332.44,191,63496
2026-01-02 10:13:03,332.44,223,74134
2026-01-02 10:13:04,332.44,189,62831
2026-01-02 10:13:05,332.44,179,59507
2026-01-02 10:13:06,332.44,183,60837
2026-01-02 10:13:07,332.44,211,70145
2026-01-02 10:13:08,332.44,230,76461
2026-01-02 10:13:09,332.44,210,69812
2026-01-02 10:13:10,332.44,207,68815
2026-01-02 10:13:11,332.44,201,66820
2026-01-02 10:13:12,332.44,193,64161
2026-01-02 10:13:13,332.44,195,64826
2026-01-02 10:13:14,332.44,198,65823
2026-01-02 10:13:15,332.44,206,68483
2026-01-02 10:13:16,332.44,204,67818
2026-01-02 10:13:17,332.44,203,67485
2026-01-02 10:13:18,332.44,214,71142
2026-01-02 10:13:19,332.44,205,68150
2026-01-02 10:13:20,332.44,177,58842
2026-01-02 10:13:21,332.44,198,65823
2026-01-02 10:13:22,332.44,199,66156
2026-01-02 10:13:23,332.44,222,73802
2026-01-02 10:13:24,332.44,211,70145
2026-01-02 10:13:25,332.44,176,58509
2026-01-02 10:13:26,332.44,192,63828
2026-01-02 10:13:27,332.44,206,68483
2026-01-02 10:13:28,332.44,221,73469
2026-01-02 10:13:29,332.44,202,67153
2026-01-02 10:13:30,332.44,192,63828
2026-01-02 10:13:31,332.44,208,69148
2026-01-02 10:13:32,332.44,197,65491
2026-01-02 10:13:33,332.44,213,70810
2026-01-02 10:13:34,332.44,206,68483
2026-01-02 10:13:35,332.44,192,63828
2026-01-02 10:13:36,332.44,193,64161
2026-01-02 10:13:37,332.44,209,69480
2026-01-02 10:13:38,332.44,195,64826
2026-01-02 10:13:39,332.44,190,63164
2026-01-02 10:13:40,332.44,203,67485
2026-01-02 10:13:41,332.44,196,65158
2026-01-02 10:13:42,332.44,207,68815
2026-01-02 10:13:43,332.44,212,70477
2026-01-02 10:13:44,332.44,200,66488
2026-01-02 10:13:45,332.44,210,69812
2026-01-02 10:13:46,332.44,211,70145
2026-01-02 10:13:47,332.44,201,66820
2026-01-02 10:13:48,332.44,208,69148
2026-01-02 10:13:49,332.44,188,62499
2026-01-02 10:13:50,332.44,180,59839
2026-01-02 10:13:51,332.44,226,75131
2026-01-02 10:13:52,332.44,192,63828
2026-01-02 10:13:53,332.44,193,64161
2026-01-02 10:13:54,332.44,181,60172
2026-01-02 10:13:55,332.44,211,70145
2026-01-02 10:13:56,332.44,176,58509
2026-01-02 10:13:57,332.44,189,62831
2026-01-02 10:13:58,332.44,198,65823
2026-01-02 10:13:59,332.44,214,71142
2026-01-02 10:14:00,332.44,193,64161
2026-01-02 10:14:01,332.44,191,63496
2026-01-02 10:14:02,332.44,173,57512
2026-01-02 10:14:03,332.44,194,64493
2026-01-02 10:14:04,332.44,215,71475
2026-01-02 10:14:05,332.44,192,63828
2026-01-02 10:14:06,332.44,222,73802
2026-01-02 10:14:07,332.44,193,64161
2026-01-02 10:14:08,332.44,215,71475
2026-01-02 10:14:09,332.44,207,68815
2026-01-02 10:14:10,332.44,187,62166
2026-01-02 10:14:11,332.44,183,60837
2026-01-02 10:14:12,332.44,174,57845
2026-01-02 10:14:13,332.44,216,71807
2026-01-02 10:14:14,332.44,175,58177
2026-01-02 10:14:15,332.44,191,63496
2026-01-02 10:14:16,332.44,181,60172
2026-01-02 10:14:17,332.44,183,60837
2026-01-02 10:14:18,332.44,204,67818
2026-01-02 10:14:19,332.44,209,69480
2026-01-02 10:14:20,332.44,215,71475
2026-01-02 10:14:21,332.44,207,68815
2026-01-02 10:14:22,332.44,193,64161
2026-01-02 10:14:23,332.44,225,74799
2026-01-02 10:14:24,332.44,204,67818
2026-01-02 10:14:25,332.44,200,66488
2026-01-02 10:14:26,332.44,176,58509
2026-01-02 10:14:27,332.44,190,63164
2026-01-02 10:14:28,332.44,198,65823
2026-01-02 10:14:29,332.44,179,59507
2026-01-02 10:14:30,332.44,196,65158
2026-01-02 10:14:31,332.44,194,64493
2026-01-02 10:14:32,332.44,183,60837
2026-01-02 10:14:33,332.44,192,63828
2026-01-02 10:14:34,332.44,193,64161
2026-01-02 10:14:35,332.44,209,69480
2026-01-02 10:14:36,332.44,198,65823
2026-01-02 10:14:37,332.44,197,65491
2026-01-02 10:14:38,332.44,204,67818
2026-01-02 10:14:39,332.44,187,62166
2026-01-02 10:14:40,332.44,172,57180
2026-01-02 10:14:41,332.44,205,68150
2026-01-02 10:14:42,332.44,177,58842
2026-01-02 10:14:43,332.44,215,71475
2026-01-02 10:14:44,332.44,199,66156
2026-01-02 10:14:45,332.44,194,64493
2026-01-02 10:14:46,332.44,212,70477
2026-01-02 10:14:47,332.44,206,68483
2026-01-02 10:14:48,332.44,190,63164
2026-01-02 10:14:49,332.44,183,60837
2026-01-02 10:14:50,332.44,215,71475
2026-01-02 10:14:51,332.44,206,68483
2026-01-02 10:14:52,332.44,212,70477
2026-01-02 10:14:53,332.44,187,62166
