timestamp,price,volume,amount
2026-01-02 09:30:00,12.51,997,12472
2026-01-02 09:30:01,12.68,938,11894
2026-01-02 09:30:02,12.62,905,11421
2026-01-02 09:30:03,12.47,943,11759
2026-01-02 09:30:04,12.59,1003,12628
2026-01-02 09:30:05,12.47,964,12021
2026-01-02 09:30:06,12.46,965,12024
2026-01-02 09:30:07,12.23,941,11508
2026-01-02 09:30:08,12.15,935,11360
2026-01-02 09:30:09,12.15,989,12016
2026-01-02 09:30:10,12.15,927,11263
2026-01-02 09:30:11,12.15,961,11676
2026-01-02 09:30:12,12.15,949,11530
2026-01-02 09:30:13,12.15,947,11506
2026-01-02 09:30:14,12.15,948,11518
2026-01-02 09:30:15,12.15,903,10971
2026-01-02 09:30:16,12.15,924,11227
2026-01-02 09:30:17,12.15,987,11992
2026-01-02 09:30:18,12.15,927,11263
2026-01-02 09:30:19,12.15,903,10971
2026-01-02 09:30:20,12.15,944,11470
2026-01-02 09:30:21,12.15,964,11713
2026-01-02 09:30:22,12.15,933,11336
2026-01-02 09:30:23,12.15,972,11810
2026-01-02 09:30:24,12.15,964,11713
2026-01-02 09:30:25,12.15,926,11251
2026-01-02 09:30:26,12.15,962,11688
2026-01-02 09:30:27,12.15,868,10546
2026-01-02 09:30:28,12.15,953,11579
2026-01-02 09:30:29,12.15,963,11700
2026-01-02 09:30:30,12.15,981,11919
2026-01-02 09:30:31,12.15,976,11858
2026-01-02 09:30:32,12.15,958,11640
2026-01-02 09:30:33,12.15,917,11142
2026-01-02 09:30:34,12.15,926,11251
2026-01-02 09:30:35,12.15,910,11056
2026-01-02 09:30:36,12.15,926,11251
2026-01-02 09:30:37,12.15,938,11397
2026-01-02 09:30:38,12.15,952,11567
2026-01-02 09:30:39,12.15,954,11591
2026-01-02 09:30:40,12.15,945,11482
2026-01-02 09:30:41,12.15,950,11542
2026-01-02 09:30:42,12.15,866,10522
2026-01-02 09:30:43,12.15,949,11530
2026-01-02 09:30:44,12.15,943,11457
2026-01-02 09:30:45,12.15,949,11530
2026-01-02 09:30:46,12.15,920,11178
2026-01-02 09:30:47,12.15,958,11640
2026-01-02 09:30:48,12.15,972,11810
2026-01-02 09:30:49,12.15,935,11360
2026-01-02 09:30:50,12.15,985,11968
2026-01-02 09:30:51,12.15,944,11470
2026-01-02 09:30:52,12.15,903,10971
2026-01-02 09:30:53,12.15,957,11628
2026-01-02 09:30:54,12.15,933,11336
2026-01-02 09:30:55,12.15,911,11069
2026-01-02 09:30:56,12.15,882,10716
2026-01-02 09:30:57,12.15,974,11834
2026-01-02 09:30:58,12.15,950,11542
2026-01-02 09:30:59,12.15,940,11421
2026-01-02 09:31:00,12.15,927,11263
2026-01-02 09:31:01,12.15,971,11798
2026-01-02 09:31:02,12.15,971,11798
2026-01-02 09:31:03,12.15,914,11105
2026-01-02 09:31:04,12.15,936,11372
2026-01-02 09:31:05,12.15,947,11506
2026-01-02 09:31:06,12.15,965,11725
2026-01-02 09:31:07,12.15,925,11239
2026-01-02 09:31:08,12.15,946,11494
2026-01-02 09:31:09,12.15,945,11482
2026-01-02 09:31:10,12.15,907,11020
2026-01-02 09:31:11,12.15,912,11081
2026-01-02 09:31:12,12.15,918,11154
2026-01-02 09:31:13,12.15,977,11871
2026-01-02 09:31:14,12.15,960,11664
2026-01-02 09:31:15,12.15,927,11263
2026-01-02 09:31:16,12.15,908,11032
2026-01-02 09:31:17,12.15,971,11798
2026-01-02 09:31:18,12.15,941,11433
2026-01-02 09:31:19,12.15,965,11725
2026-01-02 09:31:20,12.15,872,10595
2026-01-02 09:31:21,12.15,937,11385
2026-01-02 09:31:22,12.15,983,11943
2026-01-02 09:31:23,12.15,933,11336
2026-01-02 09:31:24,12.15,916,11129
2026-01-02 09:31:25,12.15,957,11628
2026-01-02 09:31:26,12.15,978,11883
2026-01-02 09:31:27,12.15,946,11494
2026-01-02 09:31:28,12.15,976,11858
2026-01-02 09:31:29,12.15,918,11154
2026-01-02 09:31:30,12.15,907,11020
2026-01-02 09:31:31,12.15,910,11056
2026-01-02 09:31:32,12.15,904,10984
2026-01-02 09:31:33,12.15,916,11129
2026-01-02 09:31:34,12.15,945,11482
2026-01-02 09:31:35,12.15,944,11470
2026-01-02 09:31:36,12.15,863,10485
2026-01-02 09:31:37,12.15,978,11883
2026-01-02 09:31:38,12.15,888,10789
2026-01-02 09:31:39,12.15,918,11154
2026-01-02 09:31:40,12.15,936,11372
2026-01-02 09:31:41,12.15,935,11360
2026-01-02 09:31:42,12.15,902,10959
2026-01-02 09:31:43,12.15,901,10947
2026-01-02 09:31:44,12.15,962,11688
2026-01-02 09:31:45,12.15,943,11457
2026-01-02 09:31:46,12.15,949,11530
2026-01-02 09:31:47,12.15,882,10716
2026-01-02 09:31:48,12.15,919,11166
2026-01-02 09:31:49,12.15,874,10619
2026-01-02 09:31:50,12.15,929,11287
2026-01-02 09:31:51,12.15,911,11069
2026-01-02 09:31:52,12.15,900,10935
2026-01-02 09:31:53,12.15,949,11530
2026-01-02 09:31:54,12.15,885,10753
2026-01-02 09:31:55,12.15,937,11385
2026-01-02 09:31:56,12.15,903,10971
2026-01-02 09:31:57,12.15,944,11470
2026-01-02 09:31:58,12.15,939,11409
2026-01-02 09:31:59,12.15,962,11688
2026-01-02 09:32:00,12.15,938,11397
2026-01-02 09:32:01,12.15,857,10413
2026-01-02 09:32:02,12.15,947,11506
2026-01-02 09:32:03,12.15,924,11227
2026-01-02 09:32:04,12.15,905,10996
2026-01-02 09:32:05,12.15,909,11044
2026-01-02 09:32:06,12.15,954,11591
2026-01-02 09:32:07,12.15,931,11312
2026-01-02 09:32:08,12.15,874,10619
2026-01-02 09:32:09,12.15,896,10886
2026-01-02 09:32:10,12.15,986,11980
2026-01-02 09:32:11,12.15,915,11117
2026-01-02 09:32:12,12.15,954,11591
2026-01-02 09:32:13,12.15,940,11421
2026-01-02 09:32:14,12.15,929,11287
2026-01-02 09:32:15,12.15,887,10777
2026-01-02 09:32:16,12.15,958,11640
2026-01-02 09:32:17,12.15,951,11555
2026-01-02 09:32:18,12.15,902,10959
2026-01-02 09:32:19,12.15,928,11275
2026-01-02 09:32:20,12.15,935,11360
2026-01-02 09:32:21,12.15,928,11275
2026-01-02 09:32:22,12.15,918,11154
2026-01-02 09:32:23,12.15,978,11883
2026-01-02 09:32:24,12.15,942,11445
2026-01-02 09:32:25,12.15,936,11372
2026-01-02 09:32:26,12.15,955,11603
2026-01-02 09:32:27,12.15,923,11214
2026-01-02 09:32:28,12.15,864,10498
2026-01-02 09:32:29,12.15,895,10874
2026-01-02 09:32:30,12.15,938,11397
2026-01-02 09:32:31,12.15,926,11251
2026-01-02 09:32:32,12.15,933,11336
2026-01-02 09:32:33,12.15,903,10971
2026-01-02 09:32:34,12.15,947,11506
2026-01-02 09:32:35,12.15,921,11190
2026-01-02 09:32:36,12.15,936,11372
2026-01-02 09:32:37,12.15,942,11445
2026-01-02 09:32:38,12.15,906,11008
2026-01-02 09:32:39,12.15,918,11154
2026-01-02 09:32:40,12.15,944,11470
2026-01-02 09:32:41,12.15,867,10534
2026-01-02 09:32:42,12.15,934,11348
2026-01-02 09:32:43,12.15,860,10449
2026-01-02 09:32:44,12.15,936,11372
2026-01-02 09:32:45,12.15,920,11178
2026-01-02 09:32:46,12.15,930,11300
2026-01-02 09:32:47,12.15,952,11567
2026-01-02 09:32:48,12.15,888,10789
2026-01-02 09:32:49,12.15,997,12114
2026-01-02 09:32:50,12.15,940,11421
2026-01-02 09:32:51,12.15,952,11567
2026-01-02 09:32:52,12.15,910,11056
2026-01-02 09:32:53,12.15,916,11129
2026-01-02 09:32:54,12.15,906,11008
2026-01-02 09:32:55,12.15,987,11992
2026-01-02 09:32:56,12.15,945,11482
2026-01-02 09:32:57,12.15,960,11664
2026-01-02 09:32:58,12.15,913,11093
2026-01-02 09:32:59,12.15,873,10607
2026-01-02 09:33:00,12.15,902,10959
2026-01-02 09:33:01,12.15,846,10279
2026-01-02 09:33:02,12.15,968,11761
2026-01-02 09:33:03,12.15,924,11227
2026-01-02 09:33:04,12.15,899,10923
2026-01-02 09:33:05,12.15,883,10728
2026-01-02 09:33:06,12.15,918,11154
2026-01-02 09:33:07,12.15,899,10923
2026-01-02 09:33:08,12.15,953,11579
2026-01-02 09:33:09,12.15,917,11142
2026-01-02 09:33:10,12.15,949,11530
2026-01-02 09:33:11,12.15,892,10838
2026-01-02 09:33:12,12.15,907,11020
2026-01-02 09:33:13,12.15,908,11032
2026-01-02 09:33:14,12.15,937,11385
2026-01-02 09:33:15,12.15,921,11190
2026-01-02 09:33:16,12.15,930,11300
2026-01-02 09:33:17,12.15,934,11348
2026-01-02 09:33:18,12.15,911,11069
2026-01-02 09:33:19,12.15,940,11421
2026-01-02 09:33:20,12.15,896,10886
2026-01-02 09:33:21,12.15,900,10935
2026-01-02 09:33:22,12.15,913,11093
2026-01-02 09:33:23,12.15,850,10328
2026-01-02 09:33:24,12.15,922,11202
2026-01-02 09:33:25,12.15,904,10984
2026-01-02 09:33:26,12.15,928,11275
2026-01-02 09:33:27,12.15,905,10996
2026-01-02 09:33:28,12.15,869,10558
2026-01-02 09:33:29,12.15,931,11312
2026-01-02 09:33:30,12.15,882,10716
2026-01-02 09:33:31,12.15,943,11457
2026-01-02 09:33:32,12.15,948,11518
2026-01-02 09:33:33,12.15,873,10607
2026-01-02 09:33:34,12.15,899,10923
2026-01-02 09:33:35,12.15,913,11093
2026-01-02 09:33:36,12.15,929,11287
2026-01-02 09:33:37,12.15,935,11360
2026-01-02 09:33:38,12.15,892,10838
2026-01-02 09:33:39,12.15,912,11081
2026-01-02 09:33:40,12.15,915,11117
2026-01-02 09:33:41,12.15,908,11032
2026-01-02 09:33:42,12.15,899,10923
2026-01-02 09:33:43,12.15,866,10522
2026-01-02 09:33:44,12.15,914,11105
2026-01-02 09:33:45,12.15,892,10838
2026-01-02 09:33:46,12.15,900,10935
2026-01-02 09:33:47,12.15,919,11166
2026-01-02 09:33:48,12.15,839,10194
2026-01-02 09:33:49,12.15,937,11385
2026-01-02 09:33:50,12.15,855,10388
2026-01-02 09:33:51,12.15,874,10619
2026-01-02 09:33:52,12.15,871,10583
2026-01-02 09:33:53,12.15,921,11190
2026-01-02 09:33:54,12.15,905,10996
2026-01-02 09:33:55,12.15,936,11372
2026-01-02 09:33:56,12.15,873,10607
2026-01-02 09:33:57,12.15,927,11263
2026-01-02 09:33:58,12.15,900,10935
2026-01-02 09:33:59,12.17,914,11123
2026-01-02 09:34:00,12.31,896,11030
2026-01-02 09:34:01,12.30,995,12238
2026-01-02 09:34:02,12.27,899,11031
2026-01-02 09:34:03,12.15,878,10668
2026-01-02 09:34:04,12.15,906,11008
2026-01-02 09:34:05,12.15,929,11287
2026-01-02 09:34:06,12.15,912,11081
2026-01-02 09:34:07,12.15,905,10996
2026-01-02 09:34:08,12.15,934,11348
2026-01-02 09:34:09,12.15,898,10911
2026-01-02 09:34:10,12.15,976,11858
2026-01-02 09:34:11,12.15,932,11324
2026-01-02 09:34:12,12.15,931,11312
2026-01-02 09:34:13,12.15,963,11700
2026-01-02 09:34:14,12.15,960,11664
2026-01-02 09:34:15,12.15,904,10984
2026-01-02 09:34:16,12.15,925,11239
2026-01-02 09:34:17,12.15,875,10631
2026-01-02 09:34:18,12.15,884,10741
2026-01-02 09:34:19,12.15,913,11093
2026-01-02 09:34:20,12.15,873,10607
2026-01-02 09:34:21,12.15,941,11433
2026-01-02 09:34:22,12.15,872,10595
2026-01-02 09:34:23,12.43,851,10578
2026-01-02 09:34:24,12.84,910,11684
2026-01-02 09:34:25,12.83,888,11393
2026-01-02 09:34:26,12.64,887,11212
2026-01-02 09:34:27,12.96,890,11534
2026-01-02 09:34:28,12.97,881,11427
2026-01-02 09:34:29,12.95,909,11772
2026-01-02 09:34:30,13.01,882,11475
2026-01-02 09:34:31,13.01,874,11371
2026-01-02 09:34:32,13.01,876,11397
2026-01-02 09:34:33,13.01,899,11696
2026-01-02 09:34:34,13.01,915,11904
2026-01-02 09:34:35,13.01,899,11696
2026-01-02 09:34:36,13.01,932,12125
2026-01-02 09:34:37,13.01,825,10733
2026-01-02 09:34:38,13.01,909,11826
2026-01-02 09:34:39,13.01,847,11019
2026-01-02 09:34:40,13.01,951,12373
2026-01-02 09:34:41,13.01,923,12008
2026-01-02 09:34:42,13.01,935,12164
2026-01-02 09:34:43,13.01,941,12242
2026-01-02 09:34:44,13.01,876,11397
2026-01-02 09:34:45,13.01,832,10824
2026-01-02 09:34:46,13.01,832,10824
2026-01-02 09:34:47,13.01,903,11748
2026-01-02 09:34:48,13.01,850,11058
2026-01-02 09:34:49,13.01,898,11683
2026-01-02 09:34:50,13.01,890,11579
2026-01-02 09:34:51,13.01,873,11358
2026-01-02 09:34:52,13.01,871,11332
2026-01-02 09:34:53,13.01,848,11032
2026-01-02 09:34:54,13.01,870,11319
2026-01-02 09:34:55,13.01,943,12268
2026-01-02 09:34:56,13.01,887,11540
2026-01-02 09:34:57,13.01,923,12008
2026-01-02 09:34:58,13.01,875,11384
2026-01-02 09:34:59,13.01,860,11189
2026-01-02 09:35:00,13.00,917,11921
2026-01-02 09:35:01,12.71,891,11325
2026-01-02 09:35:02,12.86,929,11947
2026-01-02 09:35:03,12.84,896,11505
2026-01-02 09:35:04,13.01,869,11306
2026-01-02 09:35:05,13.01,929,12086
2026-01-02 09:35:06,13.00,892,11596
2026-01-02 09:35:07,13.01,869,11306
2026-01-02 09:35:08,13.01,933,12138
2026-01-02 09:35:09,13.01,886,11527
2026-01-02 09:35:10,13.01,905,11774
2026-01-02 09:35:11,13.01,852,11085
2026-01-02 09:35:12,13.01,885,11514
2026-01-02 09:35:13,13.01,821,10681
2026-01-02 09:35:14,13.01,914,11891
2026-01-02 09:35:15,13.01,885,11514
2026-01-02 09:35:16,13.01,933,12138
2026-01-02 09:35:17,13.01,862,11215
2026-01-02 09:35:18,13.01,908,11813
2026-01-02 09:35:19,13.01,914,11891
2026-01-02 09:35:20,13.01,900,11709
2026-01-02 09:35:21,13.01,910,11839
2026-01-02 09:35:22,13.01,856,11137
2026-01-02 09:35:23,13.01,878,11423
2026-01-02 09:35:24,13.01,841,10941
2026-01-02 09:35:25,13.01,867,11280
2026-01-02 09:35:26,13.01,877,11410
2026-01-02 09:35:27,12.87,908,11686
2026-01-02 09:35:28,13.01,925,12034
2026-01-02 09:35:29,13.01,905,11774
2026-01-02 09:35:30,12.93,902,11663
2026-01-02 09:35:31,13.01,864,11241
2026-01-02 09:35:32,13.01,921,11982
2026-01-02 09:35:33,12.77,877,11199
2026-01-02 09:35:34,12.80,854,10931
2026-01-02 09:35:35,12.73,859,10935
2026-01-02 09:35:36,12.66,893,11305
2026-01-02 09:35:37,12.85,861,11064
2026-01-02 09:35:38,12.80,875,11200
2026-01-02 09:35:39,13.01,900,11709
2026-01-02 09:35:40,13.01,879,11436
2026-01-02 09:35:41,13.01,898,11683
2026-01-02 09:35:42,13.01,861,11202
2026-01-02 09:35:43,13.01,883,11488
2026-01-02 09:35:44,13.01,858,11163
2026-01-02 09:35:45,13.01,886,11527
2026-01-02 09:35:46,13.01,937,12190
2026-01-02 09:35:47,13.01,904,11761
2026-01-02 09:35:48,13.01,887,11540
2026-01-02 09:35:49,13.01,852,11085
2026-01-02 09:35:50,13.01,883,11488
2026-01-02 09:35:51,13.01,829,10785
2026-01-02 09:35:52,13.01,911,11852
2026-01-02 09:35:53,13.01,873,11358
2026-01-02 09:35:54,13.01,940,12229
2026-01-02 09:35:55,13.01,860,11189
2026-01-02 09:35:56,13.01,915,11904
2026-01-02 09:35:57,13.01,901,11722
2026-01-02 09:35:58,13.01,910,11839
2026-01-02 09:35:59,13.01,885,11514
2026-01-02 09:36:00,13.01,871,11332
2026-01-02 09:36:01,13.01,828,10772
2026-01-02 09:36:02,13.01,845,10993
2026-01-02 09:36:03,13.01,904,11761
2026-01-02 09:36:04,13.01,874,11371
2026-01-02 09:36:05,13.01,924,12021
2026-01-02 09:36:06,13.01,919,11956
2026-01-02 09:36:07,13.01,855,11124
2026-01-02 09:36:08,13.01,843,10967
2026-01-02 09:36:09,13.01,891,11592
2026-01-02 09:36:10,13.01,900,11709
2026-01-02 09:36:11,13.01,852,11085
2026-01-02 09:36:12,13.01,884,11501
2026-01-02 09:36:13,13.01,913,11878
2026-01-02 09:36:14,13.01,895,11644
2026-01-02 09:36:15,13.01,877,11410
2026-01-02 09:36:16,13.01,940,12229
2026-01-02 09:36:17,13.01,883,11488
2026-01-02 09:36:18,13.01,916,11917
2026-01-02 09:36:19,13.01,881,11462
2026-01-02 09:36:20,13.01,887,11540
2026-01-02 09:36:21,13.01,882,11475
2026-01-02 09:36:22,13.01,890,11579
2026-01-02 09:36:23,13.01,837,10889
2026-01-02 09:36:24,13.01,816,10616
2026-01-02 09:36:25,13.01,915,11904
2026-01-02 09:36:26,13.01,916,11917
2026-01-02 09:36:27,13.01,894,11631
2026-01-02 09:36:28,13.01,928,12073
2026-01-02 09:36:29,13.01,860,11189
2026-01-02 09:36:30,13.01,902,11735
2026-01-02 09:36:31,13.01,847,11019
2026-01-02 09:36:32,13.01,875,11384
2026-01-02 09:36:33,13.01,830,10798
2026-01-02 09:36:34,13.01,866,11267
2026-01-02 09:36:35,13.01,886,11527
2026-01-02 09:36:36,13.01,893,11618
2026-01-02 09:36:37,13.01,890,11579
2026-01-02 09:36:38,13.01,862,11215
2026-01-02 09:36:39,13.01,917,11930
2026-01-02 09:36:40,13.01,876,11397
2026-01-02 09:36:41,13.01,882,11475
2026-01-02 09:36:42,13.01,842,10954
2026-01-02 09:36:43,13.01,834,10850
2026-01-02 09:36:44,13.01,884,11501
2026-01-02 09:36:45,13.01,854,11111
2026-01-02 09:36:46,13.01,829,10785
2026-01-02 09:36:47,13.01,897,11670
2026-01-02 09:36:48,13.01,908,11813
2026-01-02 09:36:49,13.01,834,10850
2026-01-02 09:36:50,13.01,826,10746
2026-01-02 09:36:51,13.01,883,11488
2026-01-02 09:36:52,13.01,861,11202
2026-01-02 09:36:53,13.01,878,11423
2026-01-02 09:36:54,13.01,886,11527
2026-01-02 09:36:55,13.01,889,11566
2026-01-02 09:36:56,13.01,881,11462
2026-01-02 09:36:57,13.01,876,11397
2026-01-02 09:36:58,13.01,876,11397
2026-01-02 09:36:59,13.01,873,11358
2026-01-02 09:37:00,13.01,905,11774
2026-01-02 09:37:01,13.01,954,12412
2026-01-02 09:37:02,13.01,861,11202
2026-01-02 09:37:03,13.01,853,11098
2026-01-02 09:37:04,13.01,888,11553
2026-01-02 09:37:05,13.01,884,11501
2026-01-02 09:37:06,13.01,860,11189
2026-01-02 09:37:07,13.01,870,11319
2026-01-02 09:37:08,13.01,887,11540
2026-01-02 09:37:09,13.01,873,11358
2026-01-02 09:37:10,13.01,865,11254
2026-01-02 09:37:11,13.01,874,11371
2026-01-02 09:37:12,13.01,871,11332
2026-01-02 09:37:13,13.01,880,11449
2026-01-02 09:37:14,13.01,852,11085
2026-01-02 09:37:15,13.01,918,11943
2026-01-02 09:37:16,13.01,834,10850
2026-01-02 09:37:17,13.01,885,11514
2026-01-02 09:37:18,13.01,823,10707
2026-01-02 09:37:19,13.01,854,11111
2026-01-02 09:37:20,13.01,900,11709
2026-01-02 09:37:21,13.01,890,11579
2026-01-02 09:37:22,13.01,878,11423
2026-01-02 09:37:23,13.01,882,11475
2026-01-02 09:37:24,13.01,804,10460
2026-01-02 09:37:25,13.01,850,11058
2026-01-02 09:37:26,13.01,861,11202
2026-01-02 09:37:27,13.01,946,12307
2026-01-02 09:37:28,13.01,892,11605
2026-01-02 09:37:29,13.01,879,11436
2026-01-02 09:37:30,13.01,890,11579
2026-01-02 09:37:31,13.01,892,11605
2026-01-02 09:37:32,13.01,900,11709
2026-01-02 09:37:33,13.01,877,11410
2026-01-02 09:37:34,13.01,888,11553
2026-01-02 09:37:35,13.01,904,11761
2026-01-02 09:37:36,13.01,894,11631
2026-01-02 09:37:37,13.01,801,10421
2026-01-02 09:37:38,13.01,842,10954
2026-01-02 09:37:39,13.01,851,11072
2026-01-02 09:37:40,13.01,870,11319
2026-01-02 09:37:41,13.01,841,10941
2026-01-02 09:37:42,13.01,808,10512
2026-01-02 09:37:43,13.01,846,11006
2026-01-02 09:37:44,13.01,861,11202
2026-01-02 09:37:45,13.01,840,10928
2026-01-02 09:37:46,13.01,816,10616
2026-01-02 09:37:47,13.01,867,11280
2026-01-02 09:37:48,13.01,871,11332
2026-01-02 09:37:49,13.01,889,11566
2026-01-02 09:37:50,13.01,883,11488
2026-01-02 09:37:51,13.01,820,10668
2026-01-02 09:37:52,13.01,844,10980
2026-01-02 09:37:53,13.01,871,11332
2026-01-02 09:37:54,13.01,909,11826
2026-01-02 09:37:55,13.01,821,10681
2026-01-02 09:37:56,13.01,906,11787
2026-01-02 09:37:57,13.01,887,11540
2026-01-02 09:37:58,13.01,831,10811
2026-01-02 09:37:59,13.01,860,11189
2026-01-02 09:38:00,13.01,897,11670
2026-01-02 09:38:01,13.01,843,10967
2026-01-02 09:38:02,13.01,864,11241
2026-01-02 09:38:03,13.01,848,11032
2026-01-02 09:38:04,13.01,877,11410
2026-01-02 09:38:05,13.01,856,11137
2026-01-02 09:38:06,13.01,816,10616
2026-01-02 09:38:07,13.01,866,11267
2026-01-02 09:38:08,13.01,867,11280
2026-01-02 09:38:09,13.01,846,11006
2026-01-02 09:38:10,13.01,848,11032
2026-01-02 09:38:11,13.01,839,10915
2026-01-02 09:38:12,13.01,927,12060
2026-01-02 09:38:13,13.01,882,11475
2026-01-02 09:38:14,13.01,874,11371
2026-01-02 09:38:15,13.01,868,11293
2026-01-02 09:38:16,13.01,821,10681
2026-01-02 09:38:17,13.01,796,10356
2026-01-02 09:38:18,13.01,814,10590
2026-01-02 09:38:19,13.01,826,10746
2026-01-02 09:38:20,13.01,855,11124
2026-01-02 09:38:21,13.01,879,11436
2026-01-02 09:38:22,13.01,848,11032
2026-01-02 09:38:23,13.01,886,11527
2026-01-02 09:38:24,13.01,844,10980
2026-01-02 09:38:25,13.01,888,11553
2026-01-02 09:38:26,13.01,847,11019
2026-01-02 09:38:27,13.01,905,11774
2026-01-02 09:38:28,13.01,833,10837
2026-01-02 09:38:29,13.01,881,11462
2026-01-02 09:38:30,13.01,903,11748
2026-01-02 09:38:31,13.01,864,11241
2026-01-02 09:38:32,12.93,883,11417
2026-01-02 09:38:33,12.89,889,11459
2026-01-02 09:38:34,12.91,793,10238
2026-01-02 09:38:35,12.83,827,10610
2026-01-02 09:38:36,12.65,876,11081
2026-01-02 09:38:37,12.76,858,10948
2026-01-02 09:38:38,12.51,894,11184
2026-01-02 09:38:39,12.53,832,10425
2026-01-02 09:38:40,12.71,887,11274
2026-01-02 09:38:41,12.69,893,11332
2026-01-02 09:38:42,12.58,885,11133
2026-01-02 09:38:43,12.33,882,10875
2026-01-02 09:38:44,12.45,852,10607
2026-01-02 09:38:45,12.31,853,10500
2026-01-02 09:38:46,12.51,849,10621
2026-01-02 09:38:47,12.63,829,10470
2026-01-02 09:38:48,12.65,921,11651
2026-01-02 09:38:49,12.58,864,10869
2026-01-02 09:38:50,12.34,886,10933
2026-01-02 09:38:51,12.21,841,10269
2026-01-02 09:38:52,12.40,886,10986
2026-01-02 09:38:53,12.47,848,10575
2026-01-02 09:38:54,12.38,856,10597
2026-01-02 09:38:55,12.15,900,10935
2026-01-02 09:38:56,12.15,848,10303
2026-01-02 09:38:57,12.15,781,9489
2026-01-02 09:38:58,12.20,843,10285
2026-01-02 09:38:59,12.30,802,9865
2026-01-02 09:39:00,12.15,821,9975
2026-01-02 09:39:01,12.43,885,11001
2026-01-02 09:39:02,12.34,848,10464
2026-01-02 09:39:03,12.24,894,10943
2026-01-02 09:39:04,12.53,882,11051
2026-01-02 09:39:05,12.56,839,10538
2026-01-02 09:39:06,12.57,855,10747
2026-01-02 09:39:07,12.60,823,10370
2026-01-02 09:39:08,12.64,868,10972
2026-01-02 09:39:09,12.94,835,10805
2026-01-02 09:39:10,12.86,802,10314
2026-01-02 09:39:11,13.01,831,10811
2026-01-02 09:39:12,13.01,834,10850
2026-01-02 09:39:13,13.01,834,10850
2026-01-02 09:39:14,13.01,843,10967
2026-01-02 09:39:15,13.01,824,10720
2026-01-02 09:39:16,13.01,813,10577
2026-01-02 09:39:17,13.01,880,11449
2026-01-02 09:39:18,13.01,832,10824
2026-01-02 09:39:19,13.01,843,10967
2026-01-02 09:39:20,13.01,861,11202
2026-01-02 09:39:21,13.01,866,11267
2026-01-02 09:39:22,13.01,897,11670
2026-01-02 09:39:23,13.01,816,10616
2026-01-02 09:39:24,13.01,863,11228
2026-01-02 09:39:25,13.01,890,11579
2026-01-02 09:39:26,13.01,838,10902
2026-01-02 09:39:27,13.01,905,11774
2026-01-02 09:39:28,13.01,838,10902
2026-01-02 09:39:29,13.01,789,10265
2026-01-02 09:39:30,13.01,900,11709
2026-01-02 09:39:31,13.01,818,10642
2026-01-02 09:39:32,13.01,816,10616
2026-01-02 09:39:33,13.01,776,10096
2026-01-02 09:39:34,13.01,855,11124
2026-01-02 09:39:35,13.01,829,10785
2026-01-02 09:39:36,13.01,830,10798
2026-01-02 09:39:37,13.01,855,11124
2026-01-02 09:39:38,13.01,860,11189
2026-01-02 09:39:39,13.01,848,11032
2026-01-02 09:39:40,13.01,848,11032
2026-01-02 09:39:41,13.01,879,11436
2026-01-02 09:39:42,13.01,861,11202
2026-01-02 09:39:43,13.01,806,10486
2026-01-02 09:39:44,13.01,851,11072
2026-01-02 09:39:45,13.01,859,11176
2026-01-02 09:39:46,13.01,876,11397
2026-01-02 09:39:47,13.01,875,11384
2026-01-02 09:39:48,13.01,863,11228
2026-01-02 09:39:49,13.01,823,10707
2026-01-02 09:39:50,13.01,892,11605
2026-01-02 09:39:51,13.01,850,11058
2026-01-02 09:39:52,13.01,847,11019
2026-01-02 09:39:53,13.01,825,10733
2026-01-02 09:39:54,13.01,885,11514
2026-01-02 09:39:55,13.01,828,10772
2026-01-02 09:39:56,13.01,836,10876
2026-01-02 09:39:57,13.01,823,10707
2026-01-02 09:39:58,13.01,830,10798
2026-01-02 09:39:59,13.01,831,10811
2026-01-02 09:40:00,13.01,810,10538
2026-01-02 09:40:01,13.01,840,10928
2026-01-02 09:40:02,13.01,874,11371
2026-01-02 09:40:03,13.01,826,10746
2026-01-02 09:40:04,13.01,812,10564
2026-01-02 09:40:05,13.01,866,11267
2026-01-02 09:40:06,13.01,861,11202
2026-01-02 09:40:07,13.01,818,10642
2026-01-02 09:40:08,13.01,838,10902
2026-01-02 09:40:09,13.01,784,10200
2026-01-02 09:40:10,13.01,785,10213
2026-01-02 09:40:11,13.01,877,11410
2026-01-02 09:40:12,13.01,880,11449
2026-01-02 09:40:13,13.01,878,11423
2026-01-02 09:40:14,13.01,856,11137
2026-01-02 09:40:15,13.01,864,11241
2026-01-02 09:40:16,13.01,834,10850
2026-01-02 09:40:17,13.01,820,10668
2026-01-02 09:40:18,13.01,792,10304
2026-01-02 09:40:19,13.01,797,10369
2026-01-02 09:40:20,13.01,876,11397
2026-01-02 09:40:21,13.01,856,11137
2026-01-02 09:40:22,13.01,831,10811
2026-01-02 09:40:23,13.01,891,11592
2026-01-02 09:40:24,13.01,821,10681
2026-01-02 09:40:25,13.01,871,11332
2026-01-02 09:40:26,13.01,836,10876
2026-01-02 09:40:27,13.01,798,10382
2026-01-02 09:40:28,13.01,906,11787
2026-01-02 09:40:29,13.01,867,11280
2026-01-02 09:40:30,13.01,886,11527
2026-01-02 09:40:31,13.01,860,11189
2026-01-02 09:40:32,13.01,891,11592
2026-01-02 09:40:33,13.01,875,11384
2026-01-02 09:40:34,13.01,879,11436
2026-01-02 09:40:35,13.01,835,10863
2026-01-02 09:40:36,13.01,854,11111
2026-01-02 09:40:37,13.01,859,11176
2026-01-02 09:40:38,13.01,790,10278
2026-01-02 09:40:39,13.01,839,10915
2026-01-02 09:40:40,13.01,807,10499
2026-01-02 09:40:41,13.01,854,11111
2026-01-02 09:40:42,13.01,839,10915
2026-01-02 09:40:43,13.01,837,10889
2026-01-02 09:40:44,13.01,800,10408
2026-01-02 09:40:45,13.01,859,11176
2026-01-02 09:40:46,13.01,822,10694
2026-01-02 09:40:47,13.01,832,10824
2026-01-02 09:40:48,13.01,819,10655
2026-01-02 09:40:49,13.01,828,10772
2026-01-02 09:40:50,13.01,870,11319
2026-01-02 09:40:51,13.01,775,10083
2026-01-02 09:40:52,13.01,869,11306
2026-01-02 09:40:53,13.01,830,10798
2026-01-02 09:40:54,13.01,826,10746
2026-01-02 09:40:55,13.01,888,11553
2026-01-02 09:40:56,13.01,813,10577
2026-01-02 09:40:57,13.01,899,11696
2026-01-02 09:40:58,13.01,842,10954
2026-01-02 09:40:59,13.01,829,10785
2026-01-02 09:41:00,13.01,770,10018
2026-01-02 09:41:01,13.01,810,10538
2026-01-02 09:41:02,13.01,814,10590
2026-01-02 09:41:03,13.01,764,9940
2026-01-02 09:41:04,13.01,797,10369
2026-01-02 09:41:05,13.01,857,11150
2026-01-02 09:41:06,13.01,828,10772
2026-01-02 09:41:07,13.01,876,11397
2026-01-02 09:41:08,13.01,773,10057
2026-01-02 09:41:09,13.01,867,11280
2026-01-02 09:41:10,13.01,834,10850
2026-01-02 09:41:11,13.01,796,10356
2026-01-02 09:41:12,13.01,813,10577
2026-01-02 09:41:13,13.01,827,10759
2026-01-02 09:41:14,13.01,845,10993
2026-01-02 09:41:15,13.01,827,10759
2026-01-02 09:41:16,13.01,820,10668
2026-01-02 09:41:17,13.01,823,10707
2026-01-02 09:41:18,13.01,830,10798
2026-01-02 09:41:19,13.01,849,11045
2026-01-02 09:41:20,13.01,856,11137
2026-01-02 09:41:21,13.01,838,10902
2026-01-02 09:41:22,13.01,848,11032
2026-01-02 09:41:23,13.01,797,10369
2026-01-02 09:41:24,13.01,811,10551
2026-01-02 09:41:25,13.01,827,10759
2026-01-02 09:41:26,13.01,818,10642
2026-01-02 09:41:27,13.01,821,10681
2026-01-02 09:41:28,13.01,868,11293
2026-01-02 09:41:29,13.01,864,11241
2026-01-02 09:41:30,13.01,820,10668
2026-01-02 09:41:31,13.01,853,11098
2026-01-02 09:41:32,13.01,789,10265
2026-01-02 09:41:33,13.01,867,11280
2026-01-02 09:41:34,13.01,862,11215
2026-01-02 09:41:35,13.01,804,10460
2026-01-02 09:41:36,13.01,803,10447
2026-01-02 09:41:37,13.01,810,10538
2026-01-02 09:41:38,13.01,824,10720
2026-01-02 09:41:39,13.01,806,10486
2026-01-02 09:41:40,13.01,820,10668
2026-01-02 09:41:41,13.01,866,11267
2026-01-02 09:41:42,13.01,807,10499
2026-01-02 09:41:43,13.01,834,10850
2026-01-02 09:41:44,13.01,899,11696
2026-01-02 09:41:45,13.01,794,10330
2026-01-02 09:41:46,13.01,840,10928
2026-01-02 09:41:47,13.01,836,10876
2026-01-02 09:41:48,13.01,822,10694
2026-01-02 09:41:49,13.01,848,11032
2026-01-02 09:41:50,13.01,828,10772
2026-01-02 09:41:51,13.01,825,10733
2026-01-02 09:41:52,13.01,853,11098
2026-01-02 09:41:53,13.01,808,10512
2026-01-02 09:41:54,13.01,798,10382
2026-01-02 09:41:55,13.01,825,10733
2026-01-02 09:41:56,13.01,858,11163
2026-01-02 09:41:57,13.01,843,10967
2026-01-02 09:41:58,13.01,893,11618
2026-01-02 09:41:59,13.01,862,11215
2026-01-02 09:42:00,13.01,859,11176
2026-01-02 09:42:01,13.01,807,10499
2026-01-02 09:42:02,13.01,836,10876
2026-01-02 09:42:03,13.01,828,10772
2026-01-02 09:42:04,13.01,852,11085
2026-01-02 09:42:05,13.01,876,11397
2026-01-02 09:42:06,13.01,823,10707
2026-01-02 09:42:07,13.01,828,10772
2026-01-02 09:42:08,13.01,851,11072
2026-01-02 09:42:09,13.01,798,10382
2026-01-02 09:42:10,13.01,838,10902
2026-01-02 09:42:11,13.01,852,11085
2026-01-02 09:42:12,13.01,784,10200
2026-01-02 09:42:13,13.01,786,10226
2026-01-02 09:42:14,13.01,770,10018
2026-01-02 09:42:15,13.01,819,10655
2026-01-02 09:42:16,13.01,831,10811
2026-01-02 09:42:17,13.01,831,10811
2026-01-02 09:42:18,13.01,816,10616
2026-01-02 09:42:19,13.01,804,10460
2026-01-02 09:42:20,13.01,875,11384
2026-01-02 09:42:21,13.01,831,10811
2026-01-02 09:42:22,13.01,830,10798
2026-01-02 09:42:23,13.01,814,10590
2026-01-02 09:42:24,13.01,835,10863
2026-01-02 09:42:25,13.01,823,10707
2026-01-02 09:42:26,13.01,811,10551
2026-01-02 09:42:27,13.01,869,11306
2026-01-02 09:42:28,13.01,834,10850
2026-01-02 09:42:29,13.01,805,10473
2026-01-02 09:42:30,13.01,812,10564
2026-01-02 09:42:31,13.01,833,10837
2026-01-02 09:42:32,13.01,795,10343
2026-01-02 09:42:33,13.01,758,9862
2026-01-02 09:42:34,13.01,797,10369
2026-01-02 09:42:35,13.01,891,11592
2026-01-02 09:42:36,13.01,849,11045
2026-01-02 09:42:37,13.01,836,10876
2026-01-02 09:42:38,13.01,856,11137
2026-01-02 09:42:39,13.01,813,10577
2026-01-02 09:42:40,13.01,846,11006
2026-01-02 09:42:41,13.01,786,10226
2026-01-02 09:42:42,13.01,824,10720
2026-01-02 09:42:43,13.01,785,10213
2026-01-02 09:42:44,13.01,785,10213
2026-01-02 09:42:45,13.01,835,10863
2026-01-02 09:42:46,13.01,816,10616
2026-01-02 09:42:47,13.01,745,9692
2026-01-02 09:42:48,13.01,809,10525
2026-01-02 09:42:49,13.01,819,10655
2026-01-02 09:42:50,13.01,849,11045
2026-01-02 09:42:51,13.01,833,10837
2026-01-02 09:42:52,13.01,825,10733
2026-01-02 09:42:53,13.01,850,11058
2026-01-02 09:42:54,13.01,801,10421
2026-01-02 09:42:55,13.01,831,10811
2026-01-02 09:42:56,13.01,826,10746
2026-01-02 09:42:57,13.01,801,10421
2026-01-02 09:42:58,13.01,810,10538
2026-01-02 09:42:59,13.01,819,10655
2026-01-02 09:43:00,13.01,838,10902
2026-01-02 09:43:01,13.01,806,10486
2026-01-02 09:43:02,13.01,854,11111
2026-01-02 09:43:03,13.01,809,10525
2026-01-02 09:43:04,13.01,790,10278
2026-01-02 09:43:05,13.01,816,10616
2026-01-02 09:43:06,13.01,816,10616
2026-01-02 09:43:07,13.01,849,11045
2026-01-02 09:43:08,13.01,818,10642
2026-01-02 09:43:09,13.01,776,10096
2026-01-02 09:43:10,13.01,800,10408
2026-01-02 09:43:11,13.01,815,10603
2026-01-02 09:43:12,13.01,775,10083
2026-01-02 09:43:13,13.01,787,10239
2026-01-02 09:43:14,13.01,815,10603
2026-01-02 09:43:15,13.01,816,10616
2026-01-02 09:43:16,13.01,828,10772
2026-01-02 09:43:17,13.01,843,10967
2026-01-02 09:43:18,13.01,820,10668
2026-01-02 09:43:19,13.01,806,10486
2026-01-02 09:43:20,13.01,827,10759
2026-01-02 09:43:21,13.01,810,10538
2026-01-02 09:43:22,13.01,825,10733
2026-01-02 09:43:23,13.01,783,10187
2026-01-02 09:43:24,13.01,804,10460
2026-01-02 09:43:25,13.01,865,11254
2026-01-02 09:43:26,13.01,789,10265
2026-01-02 09:43:27,13.01,806,10486
2026-01-02 09:43:28,13.01,827,10759
2026-01-02 09:43:29,13.01,827,10759
2026-01-02 09:43:30,13.01,832,10824
2026-01-02 09:43:31,13.01,844,10980
2026-01-02 09:43:32,13.01,786,10226
2026-01-02 09:43:33,13.01,854,11111
2026-01-02 09:43:34,13.01,809,10525
2026-01-02 09:43:35,13.01,821,10681
2026-01-02 09:43:36,13.01,808,10512
2026-01-02 09:43:37,13.01,821,10681
2026-01-02 09:43:38,13.01,865,11254
2026-01-02 09:43:39,13.01,771,10031
2026-01-02 09:43:40,13.01,808,10512
2026-01-02 09:43:41,13.01,822,10694
2026-01-02 09:43:42,13.01,787,10239
2026-01-02 09:43:43,13.01,792,10304
2026-01-02 09:43:44,13.01,773,10057
2026-01-02 09:43:45,13.01,780,10148
2026-01-02 09:43:46,13.01,835,10863
2026-01-02 09:43:47,13.01,798,10382
2026-01-02 09:43:48,13.01,841,10941
2026-01-02 09:43:49,13.01,788,10252
2026-01-02 09:43:50,13.01,784,10200
2026-01-02 09:43:51,13.01,830,10798
2026-01-02 09:43:52,13.01,819,10655
2026-01-02 09:43:53,13.01,826,10746
2026-01-02 09:43:54,13.01,822,10694
2026-01-02 09:43:55,13.01,839,10915
2026-01-02 09:43:56,13.01,832,10824
2026-01-02 09:43:57,13.01,809,10525
2026-01-02 09:43:58,13.01,770,10018
2026-01-02 09:43:59,13.01,773,10057
2026-01-02 09:44:00,13.01,816,10616
2026-01-02 09:44:01,13.01,811,10551
2026-01-02 09:44:02,13.01,827,10759
2026-01-02 09:44:03,13.01,850,11058
2026-01-02 09:44:04,13.01,786,10226
2026-01-02 09:44:05,13.01,769,10005
2026-01-02 09:44:06,13.01,803,10447
2026-01-02 09:44:07,13.01,813,10577
2026-01-02 09:44:08,13.01,761,9901
2026-01-02 09:44:09,13.01,817,10629
2026-01-02 09:44:10,13.01,802,10434
2026-01-02 09:44:11,13.01,807,10499
2026-01-02 09:44:12,13.01,793,10317
2026-01-02 09:44:13,13.01,867,11280
2026-01-02 09:44:14,13.01,754,9810
2026-01-02 09:44:15,13.01,826,10746
2026-01-02 09:44:16,13.01,797,10369
2026-01-02 09:44:17,13.01,772,10044
2026-01-02 09:44:18,13.01,833,10837
2026-01-02 09:44:19,13.01,832,10824
2026-01-02 09:44:20,13.01,777,10109
2026-01-02 09:44:21,13.01,788,10252
2026-01-02 09:44:22,13.01,798,10382
2026-01-02 09:44:23,13.01,782,10174
2026-01-02 09:44:24,13.01,775,10083
2026-01-02 09:44:25,13.01,863,11228
2026-01-02 09:44:26,13.01,784,10200
2026-01-02 09:44:27,13.01,841,10941
2026-01-02 09:44:28,13.01,829,10785
2026-01-02 09:44:29,13.01,788,10252
2026-01-02 09:44:30,13.01,804,10460
2026-01-02 09:44:31,13.01,783,10187
2026-01-02 09:44:32,13.01,820,10668
2026-01-02 09:44:33,13.01,853,11098
2026-01-02 09:44:34,13.01,824,10720
2026-01-02 09:44:35,13.01,795,10343
2026-01-02 09:44:36,13.01,816,10616
2026-01-02 09:44:37,13.01,799,10395
2026-01-02 09:44:38,13.01,852,11085
2026-01-02 09:44:39,13.01,835,10863
2026-01-02 09:44:40,13.01,816,10616
2026-01-02 09:44:41,13.01,818,10642
2026-01-02 09:44:42,13.01,805,10473
2026-01-02 09:44:43,13.01,753,9797
2026-01-02 09:44:44,13.01,875,11384
2026-01-02 09:44:45,13.01,780,10148
2026-01-02 09:44:46,13.01,854,11111
2026-01-02 09:44:47,13.01,805,10473
2026-01-02 09:44:48,13.01,770,10018
2026-01-02 09:44:49,13.01,763,9927
2026-01-02 09:44:50,13.01,853,11098
2026-01-02 09:44:51,13.01,816,10616
2026-01-02 09:44:52,13.01,844,10980
2026-01-02 09:44:53,13.01,841,10941
2026-01-02 09:44:54,13.01,845,10993
2026-01-02 09:44:55,13.01,771,10031
2026-01-02 09:44:56,13.01,794,10330
2026-01-02 09:44:57,12.73,842,10719
2026-01-02 09:44:58,12.34,811,10008
2026-01-02 09:44:59,12.15,856,10400
2026-01-02 09:45:00,12.15,823,9999
2026-01-02 09:45:01,12.25,784,9604
2026-01-02 09:45:02,12.15,799,9708
2026-01-02 09:45:03,12.15,807,9805
2026-01-02 09:45:04,12.15,820,9963
2026-01-02 09:45:05,12.28,776,9529
2026-01-02 09:45:06,12.35,790,9756
2026-01-02 09:45:07,12.69,808,10254
2026-01-02 09:45:08,12.66,803,10166
2026-01-02 09:45:09,13.01,779,10135
2026-01-02 09:45:10,12.86,791,10172
2026-01-02 09:45:11,12.77,770,9833
2026-01-02 09:45:12,12.53,794,9949
2026-01-02 09:45:13,12.75,807,10289
2026-01-02 09:45:14,12.63,725,9157
2026-01-02 09:45:15,12.30,772,9496
2026-01-02 09:45:16,12.15,802,9744
2026-01-02 09:45:17,12.15,826,10036
2026-01-02 09:45:18,12.15,822,9987
2026-01-02 09:45:19,12.15,790,9598
2026-01-02 09:45:20,12.15,794,9647
2026-01-02 09:45:21,12.15,810,9842
2026-01-02 09:45:22,12.15,811,9854
2026-01-02 09:45:23,12.15,792,9623
2026-01-02 09:45:24,12.15,835,10145
2026-01-02 09:45:25,12.15,823,9999
2026-01-02 09:45:26,12.15,796,9671
2026-01-02 09:45:27,12.15,818,9939
2026-01-02 09:45:28,12.15,806,9793
2026-01-02 09:45:29,12.15,793,9635
2026-01-02 09:45:30,12.15,788,9574
2026-01-02 09:45:31,12.15,767,9319
2026-01-02 09:45:32,12.15,786,9550
2026-01-02 09:45:33,12.15,770,9356
2026-01-02 09:45:34,12.15,808,9817
2026-01-02 09:45:35,12.53,828,10375
2026-01-02 09:45:36,12.23,792,9686
2026-01-02 09:45:37,12.20,792,9662
2026-01-02 09:45:38,12.15,809,9829
2026-01-02 09:45:39,12.17,808,9833
2026-01-02 09:45:40,12.23,794,9711
2026-01-02 09:45:41,12.45,748,9313
2026-01-02 09:45:42,12.56,754,9470
2026-01-02 09:45:43,12.55,756,9488
2026-01-02 09:45:44,12.56,802,10073
2026-01-02 09:45:45,12.37,755,9339
2026-01-02 09:45:46,12.15,775,9416
2026-01-02 09:45:47,12.15,776,9428
2026-01-02 09:45:48,12.15,786,9550
2026-01-02 09:45:49,12.15,767,9319
2026-01-02 09:45:50,12.15,843,10242
2026-01-02 09:45:51,12.15,762,9258
2026-01-02 09:45:52,12.15,834,10133
2026-01-02 09:45:53,12.15,860,10449
2026-01-02 09:45:54,12.15,799,9708
2026-01-02 09:45:55,12.15,784,9526
2026-01-02 09:45:56,12.15,774,9404
2026-01-02 09:45:57,12.15,778,9453
2026-01-02 09:45:58,12.15,794,9647
2026-01-02 09:45:59,12.15,783,9513
2026-01-02 09:46:00,12.15,801,9732
2026-01-02 09:46:01,12.15,820,9963
2026-01-02 09:46:02,12.15,805,9781
2026-01-02 09:46:03,12.15,785,9538
2026-01-02 09:46:04,12.15,768,9331
2026-01-02 09:46:05,12.19,749,9130
2026-01-02 09:46:06,12.77,786,10037
2026-01-02 09:46:07,12.80,771,9869
2026-01-02 09:46:08,12.99,825,10717
2026-01-02 09:46:09,12.93,839,10848
2026-01-02 09:46:10,13.00,811,10543
2026-01-02 09:46:11,12.63,777,9814
2026-01-02 09:46:12,12.51,827,10346
2026-01-02 09:46:13,12.50,833,10412
2026-01-02 09:46:14,12.52,839,10504
2026-01-02 09:46:15,12.39,770,9540
2026-01-02 09:46:16,12.28,804,9873
2026-01-02 09:46:17,12.43,774,9621
2026-01-02 09:46:18,12.45,804,10010
2026-01-02 09:46:19,12.55,741,9300
2026-01-02 09:46:20,12.44,809,10064
2026-01-02 09:46:21,12.40,805,9982
2026-01-02 09:46:22,12.34,730,9008
2026-01-02 09:46:23,12.33,776,9568
2026-01-02 09:46:24,12.17,822,10004
2026-01-02 09:46:25,12.48,785,9797
2026-01-02 09:46:26,12.35,797,9843
2026-01-02 09:46:27,12.50,794,9925
2026-01-02 09:46:28,12.24,801,9804
2026-01-02 09:46:29,12.30,795,9778
2026-01-02 09:46:30,12.56,841,10563
2026-01-02 09:46:31,12.52,804,10066
2026-01-02 09:46:32,12.80,768,9830
2026-01-02 09:46:33,12.78,783,10007
2026-01-02 09:46:34,13.01,803,10447
2026-01-02 09:46:35,13.01,774,10070
2026-01-02 09:46:36,13.01,827,10759
2026-01-02 09:46:37,13.01,752,9784
2026-01-02 09:46:38,13.01,807,10499
2026-01-02 09:46:39,13.01,792,10304
2026-01-02 09:46:40,13.01,756,9836
2026-01-02 09:46:41,13.01,779,10135
2026-01-02 09:46:42,13.01,814,10590
2026-01-02 09:46:43,13.01,797,10369
2026-01-02 09:46:44,13.01,774,10070
2026-01-02 09:46:45,13.01,806,10486
2026-01-02 09:46:46,13.01,719,9354
2026-01-02 09:46:47,13.01,810,10538
2026-01-02 09:46:48,13.01,789,10265
2026-01-02 09:46:49,13.01,822,10694
2026-01-02 09:46:50,13.01,760,9888
2026-01-02 09:46:51,13.01,794,10330
2026-01-02 09:46:52,13.01,770,10018
2026-01-02 09:46:53,13.01,803,10447
2026-01-02 09:46:54,13.01,776,10096
2026-01-02 09:46:55,13.01,763,9927
2026-01-02 09:46:56,13.01,793,10317
2026-01-02 09:46:57,13.01,766,9966
2026-01-02 09:46:58,13.01,775,10083
2026-01-02 09:46:59,13.01,761,9901
2026-01-02 09:47:00,13.01,812,10564
2026-01-02 09:47:01,13.01,774,10070
2026-01-02 09:47:02,13.01,778,10122
2026-01-02 09:47:03,13.01,786,10226
2026-01-02 09:47:04,13.01,804,10460
2026-01-02 09:47:05,13.01,755,9823
2026-01-02 09:47:06,13.01,776,10096
2026-01-02 09:47:07,13.01,782,10174
2026-01-02 09:47:08,13.01,764,9940
2026-01-02 09:47:09,13.01,766,9966
2026-01-02 09:47:10,13.01,793,10317
2026-01-02 09:47:11,13.01,790,10278
2026-01-02 09:47:12,13.01,769,10005
2026-01-02 09:47:13,13.01,767,9979
2026-01-02 09:47:14,13.01,771,10031
2026-01-02 09:47:15,13.01,799,10395
2026-01-02 09:47:16,13.01,795,10343
2026-01-02 09:47:17,13.01,789,10265
2026-01-02 09:47:18,13.01,793,10317
2026-01-02 09:47:19,13.01,812,10564
2026-01-02 09:47:20,13.01,791,10291
2026-01-02 09:47:21,13.01,757,9849
2026-01-02 09:47:22,13.01,772,10044
2026-01-02 09:47:23,13.01,777,10109
2026-01-02 09:47:24,13.01,787,10239
2026-01-02 09:47:25,13.01,839,10915
2026-01-02 09:47:26,13.01,770,10018
2026-01-02 09:47:27,13.01,733,9536
2026-01-02 09:47:28,13.01,761,9901
2026-01-02 09:47:29,13.01,777,10109
2026-01-02 09:47:30,13.01,784,10200
2026-01-02 09:47:31,13.01,758,9862
2026-01-02 09:47:32,13.01,773,10057
2026-01-02 09:47:33,13.01,784,10200
2026-01-02 09:47:34,13.01,770,10018
2026-01-02 09:47:35,13.01,751,9771
2026-01-02 09:47:36,13.01,806,10486
2026-01-02 09:47:37,13.01,825,10733
2026-01-02 09:47:38,13.01,756,9836
2026-01-02 09:47:39,13.01,783,10187
2026-01-02 09:47:40,13.01,768,9992
2026-01-02 09:47:41,13.01,811,10551
2026-01-02 09:47:42,13.01,771,10031
2026-01-02 09:47:43,13.01,745,9692
2026-01-02 09:47:44,13.01,746,9705
2026-01-02 09:47:45,13.01,795,10343
2026-01-02 09:47:46,13.01,805,10473
2026-01-02 09:47:47,13.01,835,10863
2026-01-02 09:47:48,13.01,737,9588
2026-01-02 09:47:49,13.01,749,9744
2026-01-02 09:47:50,13.01,766,9966
2026-01-02 09:47:51,13.01,806,10486
2026-01-02 09:47:52,13.01,733,9536
2026-01-02 09:47:53,13.01,794,10330
2026-01-02 09:47:54,13.01,784,10200
2026-01-02 09:47:55,13.01,789,10265
2026-01-02 09:47:56,13.01,774,10070
2026-01-02 09:47:57,13.01,768,9992
2026-01-02 09:47:58,13.01,823,10707
2026-01-02 09:47:59,13.01,775,10083
2026-01-02 09:48:00,13.01,808,10512
2026-01-02 09:48:01,13.01,775,10083
2026-01-02 09:48:02,13.01,798,10382
2026-01-02 09:48:03,13.01,761,9901
2026-01-02 09:48:04,13.01,814,10590
2026-01-02 09:48:05,13.01,793,10317
2026-01-02 09:48:06,13.01,784,10200
2026-01-02 09:48:07,13.01,729,9484
2026-01-02 09:48:08,13.01,786,10226
2026-01-02 09:48:09,13.01,764,9940
2026-01-02 09:48:10,13.01,790,10278
2026-01-02 09:48:11,13.01,762,9914
2026-01-02 09:48:12,13.01,717,9328
2026-01-02 09:48:13,13.01,740,9627
2026-01-02 09:48:14,13.01,740,9627
2026-01-02 09:48:15,13.01,771,10031
2026-01-02 09:48:16,13.01,740,9627
2026-01-02 09:48:17,13.01,762,9914
2026-01-02 09:48:18,13.01,775,10083
2026-01-02 09:48:19,13.01,822,10694
2026-01-02 09:48:20,13.01,767,9979
2026-01-02 09:48:21,13.01,850,11058
2026-01-02 09:48:22,13.01,751,9771
2026-01-02 09:48:23,13.01,805,10473
2026-01-02 09:48:24,13.01,769,10005
2026-01-02 09:48:25,13.01,750,9758
2026-01-02 09:48:26,13.01,807,10499
2026-01-02 09:48:27,13.01,786,10226
2026-01-02 09:48:28,13.01,826,10746
2026-01-02 09:48:29,13.01,761,9901
2026-01-02 09:48:30,13.01,736,9575
2026-01-02 09:48:31,13.01,810,10538
2026-01-02 09:48:32,13.01,810,10538
2026-01-02 09:48:33,13.01,779,10135
2026-01-02 09:48:34,13.01,805,10473
2026-01-02 09:48:35,13.01,728,9471
2026-01-02 09:48:36,13.01,746,9705
2026-01-02 09:48:37,13.01,727,9458
2026-01-02 09:48:38,13.01,794,10330
2026-01-02 09:48:39,13.01,819,10655
2026-01-02 09:48:40,13.01,749,9744
2026-01-02 09:48:41,13.01,775,10083
2026-01-02 09:48:42,13.01,760,9888
2026-01-02 09:48:43,13.01,768,9992
2026-01-02 09:48:44,13.01,769,10005
2026-01-02 09:48:45,13.01,809,10525
2026-01-02 09:48:46,13.01,792,10304
2026-01-02 09:48:47,13.01,818,10642
2026-01-02 09:48:48,13.01,736,9575
2026-01-02 09:48:49,13.01,766,9966
2026-01-02 09:48:50,13.01,769,10005
2026-01-02 09:48:51,13.01,766,9966
2026-01-02 09:48:52,13.01,752,9784
2026-01-02 09:48:53,13.01,754,9810
2026-01-02 09:48:54,13.01,772,10044
2026-01-02 09:48:55,13.01,723,9406
2026-01-02 09:48:56,13.01,707,9198
2026-01-02 09:48:57,13.01,785,10213
2026-01-02 09:48:58,13.01,758,9862
2026-01-02 09:48:59,13.01,796,10356
2026-01-02 09:49:00,13.01,791,10291
2026-01-02 09:49:01,13.01,786,10226
2026-01-02 09:49:02,13.01,802,10434
2026-01-02 09:49:03,13.01,794,10330
2026-01-02 09:49:04,13.01,753,9797
2026-01-02 09:49:05,13.01,738,9601
2026-01-02 09:49:06,13.01,743,9666
2026-01-02 09:49:07,13.01,770,10018
2026-01-02 09:49:08,13.01,741,9640
2026-01-02 09:49:09,13.01,796,10356
2026-01-02 09:49:10,13.01,761,9901
2026-01-02 09:49:11,13.01,810,10538
2026-01-02 09:49:12,13.01,778,10122
2026-01-02 09:49:13,13.01,703,9146
2026-01-02 09:49:14,13.01,822,10694
2026-01-02 09:49:15,13.01,749,9744
2026-01-02 09:49:16,13.01,763,9927
2026-01-02 09:49:17,13.01,761,9901
2026-01-02 09:49:18,13.01,769,10005
2026-01-02 09:49:19,13.01,792,10304
2026-01-02 09:49:20,13.01,779,10135
2026-01-02 09:49:21,13.01,734,9549
2026-01-02 09:49:22,13.01,770,10018
2026-01-02 09:49:23,13.01,761,9901
2026-01-02 09:49:24,13.01,784,10200
2026-01-02 09:49:25,13.01,789,10265
2026-01-02 09:49:26,13.01,758,9862
2026-01-02 09:49:27,13.01,792,10304
2026-01-02 09:49:28,13.01,784,10200
2026-01-02 09:49:29,13.01,748,9731
2026-01-02 09:49:30,13.01,766,9966
2026-01-02 09:49:31,13.01,773,10057
2026-01-02 09:49:32,13.01,728,9471
2026-01-02 09:49:33,13.01,689,8964
2026-01-02 09:49:34,13.01,786,10226
2026-01-02 09:49:35,13.01,761,9901
2026-01-02 09:49:36,13.01,758,9862
2026-01-02 09:49:37,13.01,730,9497
2026-01-02 09:49:38,13.01,775,10083
2026-01-02 09:49:39,13.01,817,10629
2026-01-02 09:49:40,13.01,728,9471
2026-01-02 09:49:41,13.01,810,10538
2026-01-02 09:49:42,13.01,782,10174
2026-01-02 09:49:43,13.01,805,10473
2026-01-02 09:49:44,13.01,805,10473
2026-01-02 09:49:45,13.01,757,9849
2026-01-02 09:49:46,13.01,731,9510
2026-01-02 09:49:47,13.01,743,9666
2026-01-02 09:49:48,13.01,768,9992
2026-01-02 09:49:49,13.01,747,9718
2026-01-02 09:49:50,13.01,754,9810
2026-01-02 09:49:51,13.01,753,9797
2026-01-02 09:49:52,13.01,789,10265
2026-01-02 09:49:53,13.01,733,9536
2026-01-02 09:49:54,13.01,808,10512
2026-01-02 09:49:55,13.01,741,9640
2026-01-02 09:49:56,13.01,817,10629
2026-01-02 09:49:57,13.01,749,9744
2026-01-02 09:49:58,13.01,723,9406
2026-01-02 09:49:59,13.01,754,9810
2026-01-02 09:50:00,13.01,793,10317
2026-01-02 09:50:01,13.01,772,10044
2026-01-02 09:50:02,13.01,755,9823
2026-01-02 09:50:03,13.01,754,9810
2026-01-02 09:50:04,13.01,762,9914
2026-01-02 09:50:05,13.01,779,10135
2026-01-02 09:50:06,13.01,826,10746
2026-01-02 09:50:07,13.01,774,10070
2026-01-02 09:50:08,13.01,746,9705
2026-01-02 09:50:09,13.01,716,9315
2026-01-02 09:50:10,13.01,715,9302
2026-01-02 09:50:11,13.01,748,9731
2026-01-02 09:50:12,13.01,788,10252
2026-01-02 09:50:13,13.01,739,9614
2026-01-02 09:50:14,13.01,760,9888
2026-01-02 09:50:15,13.01,749,9744
2026-01-02 09:50:16,13.01,753,9797
2026-01-02 09:50:17,13.01,730,9497
2026-01-02 09:50:18,13.01,822,10694
2026-01-02 09:50:19,13.01,784,10200
2026-01-02 09:50:20,13.01,766,9966
2026-01-02 09:50:21,13.01,737,9588
2026-01-02 09:50:22,13.01,753,9797
2026-01-02 09:50:23,13.01,779,10135
2026-01-02 09:50:24,13.01,814,10590
2026-01-02 09:50:25,13.01,750,9758
2026-01-02 09:50:26,13.01,720,9367
2026-01-02 09:50:27,13.01,751,9771
2026-01-02 09:50:28,13.01,698,9081
2026-01-02 09:50:29,13.01,746,9705
2026-01-02 09:50:30,13.01,785,10213
2026-01-02 09:50:31,13.01,800,10408
2026-01-02 09:50:32,13.01,778,10122
2026-01-02 09:50:33,13.01,764,9940
2026-01-02 09:50:34,13.01,694,9029
2026-01-02 09:50:35,13.01,799,10395
2026-01-02 09:50:36,13.01,784,10200
2026-01-02 09:50:37,13.01,755,9823
2026-01-02 09:50:38,13.01,761,9901
2026-01-02 09:50:39,13.01,761,9901
2026-01-02 09:50:40,13.01,781,10161
2026-01-02 09:50:41,13.01,725,9432
2026-01-02 09:50:42,13.01,721,9380
2026-01-02 09:50:43,13.01,741,9640
2026-01-02 09:50:44,13.01,742,9653
2026-01-02 09:50:45,13.01,749,9744
2026-01-02 09:50:46,13.01,805,10473
2026-01-02 09:50:47,13.01,798,10382
2026-01-02 09:50:48,13.01,766,9966
2026-01-02 09:50:49,13.01,727,9458
2026-01-02 09:50:50,13.01,762,9914
2026-01-02 09:50:51,13.01,756,9836
2026-01-02 09:50:52,13.01,761,9901
2026-01-02 09:50:53,13.01,819,10655
2026-01-02 09:50:54,13.01,733,9536
2026-01-02 09:50:55,13.01,798,10382
2026-01-02 09:50:56,13.01,735,9562
2026-01-02 09:50:57,13.01,768,9992
2026-01-02 09:50:58,13.01,733,9536
2026-01-02 09:50:59,13.01,773,10057
2026-01-02 09:51:00,13.01,738,9601
2026-01-02 09:51:01,13.01,736,9575
2026-01-02 09:51:02,13.01,755,9823
2026-01-02 09:51:03,13.01,780,10148
2026-01-02 09:51:04,13.01,741,9640
2026-01-02 09:51:05,13.01,758,9862
2026-01-02 09:51:06,13.01,718,9341
2026-01-02 09:51:07,13.01,770,10018
2026-01-02 09:51:08,13.01,771,10031
2026-01-02 09:51:09,13.01,786,10226
2026-01-02 09:51:10,13.01,774,10070
2026-01-02 09:51:11,13.01,750,9758
2026-01-02 09:51:12,13.01,797,10369
2026-01-02 09:51:13,13.01,767,9979
2026-01-02 09:51:14,13.01,755,9823
2026-01-02 09:51:15,13.01,754,9810
2026-01-02 09:51:16,13.01,737,9588
2026-01-02 09:51:17,13.01,757,9849
2026-01-02 09:51:18,13.01,745,9692
2026-01-02 09:51:19,13.01,747,9718
2026-01-02 09:51:20,13.01,751,9771
2026-01-02 09:51:21,13.01,695,9042
2026-01-02 09:51:22,13.01,760,9888
2026-01-02 09:51:23,13.01,755,9823
2026-01-02 09:51:24,13.01,763,9927
2026-01-02 09:51:25,13.01,754,9810
2026-01-02 09:51:26,13.01,772,10044
2026-01-02 09:51:27,13.01,780,10148
2026-01-02 09:51:28,13.01,753,9797
2026-01-02 09:51:29,13.01,692,9003
2026-01-02 09:51:30,13.01,713,9276
2026-01-02 09:51:31,13.01,719,9354
2026-01-02 09:51:32,13.01,728,9471
2026-01-02 09:51:33,13.01,795,10343
2026-01-02 09:51:34,13.01,730,9497
2026-01-02 09:51:35,13.01,749,9744
2026-01-02 09:51:36,13.01,731,9510
2026-01-02 09:51:37,13.01,806,10486
2026-01-02 09:51:38,13.01,731,9510
2026-01-02 09:51:39,13.01,682,8873
2026-01-02 09:51:40,13.01,762,9914
2026-01-02 09:51:41,13.01,776,10096
2026-01-02 09:51:42,13.01,718,9341
2026-01-02 09:51:43,13.01,780,10148
2026-01-02 09:51:44,13.01,730,9497
2026-01-02 09:51:45,13.01,751,9771
2026-01-02 09:51:46,13.01,770,10018
2026-01-02 09:51:47,13.01,769,10005
2026-01-02 09:51:48,13.01,757,9849
2026-01-02 09:51:49,13.01,723,9406
2026-01-02 09:51:50,13.01,740,9627
2026-01-02 09:51:51,13.01,775,10083
2026-01-02 09:51:52,13.01,766,9966
2026-01-02 09:51:53,13.01,762,9914
2026-01-02 09:51:54,13.01,773,10057
2026-01-02 09:51:55,13.01,728,9471
2026-01-02 09:51:56,13.01,713,9276
2026-01-02 09:51:57,13.01,731,9510
2026-01-02 09:51:58,13.01,748,9731
2026-01-02 09:51:59,13.01,703,9146
2026-01-02 09:52:00,13.01,763,9927
2026-01-02 09:52:01,13.01,726,9445
2026-01-02 09:52:02,13.01,754,9810
2026-01-02 09:52:03,13.01,712,9263
2026-01-02 09:52:04,13.01,739,9614
2026-01-02 09:52:05,13.01,759,9875
2026-01-02 09:52:06,13.01,731,9510
2026-01-02 09:52:07,13.01,739,9614
2026-01-02 09:52:08,13.01,748,9731
2026-01-02 09:52:09,13.01,773,10057
2026-01-02 09:52:10,13.01,728,9471
2026-01-02 09:52:11,13.01,756,9836
2026-01-02 09:52:12,13.01,778,10122
2026-01-02 09:52:13,13.01,757,9849
2026-01-02 09:52:14,13.01,747,9718
2026-01-02 09:52:15,13.01,765,9953
2026-01-02 09:52:16,13.01,730,9497
2026-01-02 09:52:17,13.01,745,9692
2026-01-02 09:52:18,13.01,705,9172
2026-01-02 09:52:19,13.01,762,9914
2026-01-02 09:52:20,13.01,794,10330
2026-01-02 09:52:21,13.01,731,9510
2026-01-02 09:52:22,13.01,776,10096
2026-01-02 09:52:23,13.01,737,9588
2026-01-02 09:52:24,13.01,709,9224
2026-01-02 09:52:25,13.01,720,9367
2026-01-02 09:52:26,13.01,756,9836
2026-01-02 09:52:27,13.01,737,9588
2026-01-02 09:52:28,13.01,742,9653
2026-01-02 09:52:29,13.01,801,10421
2026-01-02 09:52:30,13.01,798,10382
2026-01-02 09:52:31,13.01,752,9784
2026-01-02 09:52:32,13.01,746,9705
2026-01-02 09:52:33,13.01,726,9445
2026-01-02 09:52:34,13.01,720,9367
2026-01-02 09:52:35,13.01,729,9484
2026-01-02 09:52:36,13.01,764,9940
2026-01-02 09:52:37,13.01,765,9953
2026-01-02 09:52:38,13.01,756,9836
2026-01-02 09:52:39,13.01,741,9640
2026-01-02 09:52:40,13.01,769,10005
2026-01-02 09:52:41,13.01,762,9914
2026-01-02 09:52:42,13.01,730,9497
2026-01-02 09:52:43,13.01,741,9640
2026-01-02 09:52:44,13.01,740,9627
2026-01-02 09:52:45,13.01,791,10291
2026-01-02 09:52:46,13.01,721,9380
2026-01-02 09:52:47,13.01,718,9341
2026-01-02 09:52:48,13.01,765,9953
2026-01-02 09:52:49,13.01,725,9432
2026-01-02 09:52:50,13.01,731,9510
2026-01-02 09:52:51,13.01,735,9562
2026-01-02 09:52:52,13.01,688,8951
2026-01-02 09:52:53,13.01,784,10200
2026-01-02 09:52:54,13.01,737,9588
2026-01-02 09:52:55,13.01,695,9042
2026-01-02 09:52:56,13.01,743,9666
2026-01-02 09:52:57,13.01,733,9536
2026-01-02 09:52:58,13.01,695,9042
2026-01-02 09:52:59,13.01,715,9302
2026-01-02 09:53:00,13.01,756,9836
2026-01-02 09:53:01,13.01,790,10278
2026-01-02 09:53:02,13.01,728,9471
2026-01-02 09:53:03,13.01,685,8912
2026-01-02 09:53:04,13.01,763,9927
2026-01-02 09:53:05,13.01,712,9263
2026-01-02 09:53:06,13.01,754,9810
2026-01-02 09:53:07,13.01,729,9484
2026-01-02 09:53:08,13.01,742,9653
2026-01-02 09:53:09,13.01,755,9823
2026-01-02 09:53:10,13.01,786,10226
2026-01-02 09:53:11,13.01,691,8990
2026-01-02 09:53:12,13.01,706,9185
2026-01-02 09:53:13,13.01,735,9562
2026-01-02 09:53:14,13.01,685,8912
2026-01-02 09:53:15,13.01,735,9562
2026-01-02 09:53:16,13.01,746,9705
2026-01-02 09:53:17,13.01,743,9666
2026-01-02 09:53:18,13.01,719,9354
2026-01-02 09:53:19,13.01,717,9328
2026-01-02 09:53:20,13.01,805,10473
2026-01-02 09:53:21,13.01,735,9562
2026-01-02 09:53:22,13.01,773,10057
2026-01-02 09:53:23,13.01,732,9523
2026-01-02 09:53:24,13.01,709,9224
2026-01-02 09:53:25,13.01,762,9914
2026-01-02 09:53:26,13.01,738,9601
2026-01-02 09:53:27,13.01,707,9198
2026-01-02 09:53:28,13.01,731,9510
2026-01-02 09:53:29,13.01,755,9823
2026-01-02 09:53:30,13.01,747,9718
2026-01-02 09:53:31,13.01,707,9198
2026-01-02 09:53:32,13.01,709,9224
2026-01-02 09:53:33,13.01,757,9849
2026-01-02 09:53:34,13.01,744,9679
2026-01-02 09:53:35,13.01,759,9875
2026-01-02 09:53:36,13.01,742,9653
2026-01-02 09:53:37,13.01,714,9289
2026-01-02 09:53:38,13.01,719,9354
2026-01-02 09:53:39,13.01,751,9771
2026-01-02 09:53:40,13.01,680,8847
2026-01-02 09:53:41,13.01,750,9758
2026-01-02 09:53:42,13.01,762,9914
2026-01-02 09:53:43,13.01,739,9614
2026-01-02 09:53:44,13.01,696,9055
2026-01-02 09:53:45,13.01,724,9419
2026-01-02 09:53:46,13.01,741,9640
2026-01-02 09:53:47,13.01,716,9315
2026-01-02 09:53:48,13.01,771,10031
2026-01-02 09:53:49,13.01,729,9484
2026-01-02 09:53:50,13.01,712,9263
2026-01-02 09:53:51,13.01,729,9484
2026-01-02 09:53:52,13.01,727,9458
2026-01-02 09:53:53,13.01,760,9888
2026-01-02 09:53:54,13.01,695,9042
2026-01-02 09:53:55,13.01,733,9536
2026-01-02 09:53:56,13.01,721,9380
2026-01-02 09:53:57,13.01,710,9237
2026-01-02 09:53:58,13.01,720,9367
2026-01-02 09:53:59,13.01,723,9406
2026-01-02 09:54:00,13.01,702,9133
2026-01-02 09:54:01,13.01,741,9640
2026-01-02 09:54:02,13.01,772,10044
2026-01-02 09:54:03,13.01,714,9289
2026-01-02 09:54:04,13.01,692,9003
2026-01-02 09:54:05,13.01,720,9367
2026-01-02 09:54:06,13.01,752,9784
2026-01-02 09:54:07,13.01,762,9914
2026-01-02 09:54:08,13.01,704,9159
2026-01-02 09:54:09,13.01,699,9094
2026-01-02 09:54:10,13.01,709,9224
2026-01-02 09:54:11,13.01,679,8834
2026-01-02 09:54:12,13.01,744,9679
2026-01-02 09:54:13,13.01,725,9432
2026-01-02 09:54:14,13.01,740,9627
2026-01-02 09:54:15,13.01,753,9797
2026-01-02 09:54:16,13.01,741,9640
2026-01-02 09:54:17,13.01,746,9705
2026-01-02 09:54:18,13.01,702,9133
2026-01-02 09:54:19,13.01,664,8639
2026-01-02 09:54:20,13.01,775,10083
2026-01-02 09:54:21,13.01,739,9614
2026-01-02 09:54:22,13.01,766,9966
2026-01-02 09:54:23,13.01,726,9445
2026-01-02 09:54:24,13.01,693,9016
2026-01-02 09:54:25,13.01,736,9575
2026-01-02 09:54:26,13.01,733,9536
2026-01-02 09:54:27,13.01,765,9953
2026-01-02 09:54:28,13.01,733,9536
2026-01-02 09:54:29,13.01,691,8990
2026-01-02 09:54:30,13.01,695,9042
2026-01-02 09:54:31,13.01,694,9029
2026-01-02 09:54:32,13.01,726,9445
2026-01-02 09:54:33,13.01,781,10161
2026-01-02 09:54:34,13.01,761,9901
2026-01-02 09:54:35,13.01,705,9172
2026-01-02 09:54:36,13.01,729,9484
2026-01-02 09:54:37,13.01,743,9666
2026-01-02 09:54:38,13.01,656,8535
2026-01-02 09:54:39,13.01,736,9575
2026-01-02 09:54:40,13.01,720,9367
2026-01-02 09:54:41,13.01,729,9484
2026-01-02 09:54:42,13.01,680,8847
2026-01-02 09:54:43,13.01,732,9523
2026-01-02 09:54:44,13.01,738,9601
2026-01-02 09:54:45,13.01,682,8873
2026-01-02 09:54:46,13.01,729,9484
2026-01-02 09:54:47,13.01,685,8912
2026-01-02 09:54:48,13.01,688,8951
2026-01-02 09:54:49,13.01,695,9042
2026-01-02 09:54:50,13.01,726,9445
2026-01-02 09:54:51,13.01,709,9224
2026-01-02 09:54:52,13.01,699,9094
2026-01-02 09:54:53,13.01,712,9263
2026-01-02 09:54:54,13.01,678,8821
2026-01-02 09:54:55,13.01,777,10109
2026-01-02 09:54:56,13.01,750,9758
2026-01-02 09:54:57,13.01,675,8782
2026-01-02 09:54:58,13.01,723,9406
2026-01-02 09:54:59,13.01,701,9120
2026-01-02 09:55:00,13.01,751,9771
2026-01-02 09:55:01,13.01,760,9888
2026-01-02 09:55:02,13.01,712,9263
2026-01-02 09:55:03,13.01,720,9367
2026-01-02 09:55:04,13.01,743,9666
2026-01-02 09:55:05,13.01,669,8704
2026-01-02 09:55:06,13.01,705,9172
2026-01-02 09:55:07,13.01,670,8717
2026-01-02 09:55:08,13.01,707,9198
2026-01-02 09:55:09,13.01,703,9146
2026-01-02 09:55:10,13.01,742,9653
2026-01-02 09:55:11,13.01,716,9315
2026-01-02 09:55:12,13.01,721,9380
2026-01-02 09:55:13,13.01,705,9172
2026-01-02 09:55:14,13.01,712,9263
2026-01-02 09:55:15,13.01,699,9094
2026-01-02 09:55:16,13.01,703,9146
2026-01-02 09:55:17,13.01,729,9484
2026-01-02 09:55:18,13.01,739,9614
2026-01-02 09:55:19,13.01,727,9458
2026-01-02 09:55:20,13.01,710,9237
2026-01-02 09:55:21,13.01,730,9497
2026-01-02 09:55:22,13.01,706,9185
2026-01-02 09:55:23,13.01,689,8964
2026-01-02 09:55:24,13.01,755,9823
2026-01-02 09:55:25,13.01,682,8873
2026-01-02 09:55:26,13.01,707,9198
2026-01-02 09:55:27,13.01,708,9211
2026-01-02 09:55:28,13.01,717,9328
2026-01-02 09:55:29,13.01,746,9705
2026-01-02 09:55:30,13.01,701,9120
2026-01-02 09:55:31,13.01,734,9549
2026-01-02 09:55:32,13.01,743,9666
2026-01-02 09:55:33,13.01,729,9484
2026-01-02 09:55:34,13.01,662,8613
2026-01-02 09:55:35,13.01,714,9289
2026-01-02 09:55:36,13.01,750,9758
2026-01-02 09:55:37,13.01,718,9341
2026-01-02 09:55:38,13.01,698,9081
2026-01-02 09:55:39,13.01,705,9172
2026-01-02 09:55:40,13.01,707,9198
2026-01-02 09:55:41,13.01,712,9263
2026-01-02 09:55:42,13.01,701,9120
2026-01-02 09:55:43,13.01,665,8652
2026-01-02 09:55:44,13.01,695,9042
2026-01-02 09:55:45,13.01,693,9016
2026-01-02 09:55:46,13.01,696,9055
2026-01-02 09:55:47,13.01,665,8652
2026-01-02 09:55:48,13.01,763,9927
2026-01-02 09:55:49,13.01,717,9328
2026-01-02 09:55:50,13.01,731,9510
2026-01-02 09:55:51,13.01,718,9341
2026-01-02 09:55:52,13.01,709,9224
2026-01-02 09:55:53,13.01,695,9042
2026-01-02 09:55:54,13.01,728,9471
2026-01-02 09:55:55,13.01,692,9003
2026-01-02 09:55:56,13.01,701,9120
2026-01-02 09:55:57,13.01,726,9445
2026-01-02 09:55:58,13.01,796,10356
2026-01-02 09:55:59,13.01,707,9198
2026-01-02 09:56:00,13.01,716,9315
2026-01-02 09:56:01,13.01,637,8287
2026-01-02 09:56:02,13.01,707,9198
2026-01-02 09:56:03,13.01,702,9133
2026-01-02 09:56:04,13.01,754,9810
2026-01-02 09:56:05,13.01,723,9406
2026-01-02 09:56:06,13.01,701,9120
2026-01-02 09:56:07,13.01,694,9029
2026-01-02 09:56:08,13.01,750,9758
2026-01-02 09:56:09,13.01,696,9055
2026-01-02 09:56:10,13.01,748,9731
2026-01-02 09:56:11,13.01,666,8665
2026-01-02 09:56:12,13.01,708,9211
2026-01-02 09:56:13,13.01,727,9458
2026-01-02 09:56:14,13.01,683,8886
2026-01-02 09:56:15,13.01,695,9042
2026-01-02 09:56:16,13.01,700,9107
2026-01-02 09:56:17,13.01,750,9758
2026-01-02 09:56:18,13.01,679,8834
2026-01-02 09:56:19,13.01,705,9172
2026-01-02 09:56:20,13.01,729,9484
2026-01-02 09:56:21,13.01,722,9393
2026-01-02 09:56:22,13.01,719,9354
2026-01-02 09:56:23,13.01,672,8743
2026-01-02 09:56:24,13.01,722,9393
2026-01-02 09:56:25,13.01,711,9250
2026-01-02 09:56:26,13.01,756,9836
2026-01-02 09:56:27,13.01,679,8834
2026-01-02 09:56:28,13.01,725,9432
2026-01-02 09:56:29,13.01,712,9263
2026-01-02 09:56:30,13.01,681,8860
2026-01-02 09:56:31,13.01,714,9289
2026-01-02 09:56:32,13.01,690,8977
2026-01-02 09:56:33,13.01,715,9302
2026-01-02 09:56:34,13.01,738,9601
2026-01-02 09:56:35,13.01,706,9185
2026-01-02 09:56:36,13.01,704,9159
2026-01-02 09:56:37,13.01,712,9263
2026-01-02 09:56:38,13.01,701,9120
2026-01-02 09:56:39,13.01,729,9484
2026-01-02 09:56:40,13.01,681,8860
2026-01-02 09:56:41,13.01,741,9640
2026-01-02 09:56:42,13.01,709,9224
2026-01-02 09:56:43,13.01,743,9666
2026-01-02 09:56:44,13.01,757,9849
2026-01-02 09:56:45,13.01,690,8977
2026-01-02 09:56:46,13.01,685,8912
2026-01-02 09:56:47,13.01,694,9029
2026-01-02 09:56:48,13.01,714,9289
2026-01-02 09:56:49,13.01,687,8938
2026-01-02 09:56:50,13.01,672,8743
2026-01-02 09:56:51,13.01,708,9211
2026-01-02 09:56:52,13.01,699,9094
2026-01-02 09:56:53,13.01,645,8391
2026-01-02 09:56:54,13.01,723,9406
2026-01-02 09:56:55,13.01,731,9510
2026-01-02 09:56:56,13.01,749,9744
2026-01-02 09:56:57,13.01,672,8743
2026-01-02 09:56:58,13.01,658,8561
2026-01-02 09:56:59,13.01,643,8365
2026-01-02 09:57:00,13.01,734,9549
2026-01-02 09:57:01,13.01,719,9354
2026-01-02 09:57:02,13.01,754,9810
2026-01-02 09:57:03,13.01,675,8782
2026-01-02 09:57:04,13.01,690,8977
2026-01-02 09:57:05,13.01,695,9042
2026-01-02 09:57:06,13.01,722,9393
2026-01-02 09:57:07,13.01,707,9198
2026-01-02 09:57:08,13.01,719,9354
2026-01-02 09:57:09,13.01,682,8873
2026-01-02 09:57:10,13.01,726,9445
2026-01-02 09:57:11,13.01,727,9458
2026-01-02 09:57:12,13.01,717,9328
2026-01-02 09:57:13,13.01,673,8756
2026-01-02 09:57:14,13.01,701,9120
2026-01-02 09:57:15,13.01,673,8756
2026-01-02 09:57:16,13.01,736,9575
2026-01-02 09:57:17,13.01,766,9966
2026-01-02 09:57:18,13.01,681,8860
2026-01-02 09:57:19,13.01,705,9172
2026-01-02 09:57:20,13.01,715,9302
2026-01-02 09:57:21,13.01,698,9081
2026-01-02 09:57:22,13.01,727,9458
2026-01-02 09:57:23,13.01,723,9406
2026-01-02 09:57:24,13.01,708,9211
2026-01-02 09:57:25,13.01,713,9276
2026-01-02 09:57:26,13.01,700,9107
2026-01-02 09:57:27,13.01,729,9484
2026-01-02 09:57:28,13.01,717,9328
2026-01-02 09:57:29,13.01,695,9042
2026-01-02 09:57:30,13.01,722,9393
2026-01-02 09:57:31,13.01,695,9042
2026-01-02 09:57:32,13.01,708,9211
2026-01-02 09:57:33,13.01,679,8834
2026-01-02 09:57:34,13.01,691,8990
2026-01-02 09:57:35,13.01,727,9458
2026-01-02 09:57:36,13.01,664,8639
2026-01-02 09:57:37,13.01,664,8639
2026-01-02 09:57:38,13.01,655,8522
2026-01-02 09:57:39,13.01,711,9250
2026-01-02 09:57:40,13.01,715,9302
2026-01-02 09:57:41,13.01,669,8704
2026-01-02 09:57:42,13.01,698,9081
2026-01-02 09:57:43,13.01,781,10161
2026-01-02 09:57:44,13.01,735,9562
2026-01-02 09:57:45,13.01,704,9159
2026-01-02 09:57:46,13.01,676,8795
2026-01-02 09:57:47,13.01,707,9198
2026-01-02 09:57:48,13.01,700,9107
2026-01-02 09:57:49,13.01,726,9445
2026-01-02 09:57:50,13.01,659,8574
2026-01-02 09:57:51,13.01,673,8756
2026-01-02 09:57:52,13.01,645,8391
2026-01-02 09:57:53,13.01,685,8912
2026-01-02 09:57:54,13.01,709,9224
2026-01-02 09:57:55,13.01,742,9653
2026-01-02 09:57:56,13.01,687,8938
2026-01-02 09:57:57,13.01,695,9042
2026-01-02 09:57:58,13.01,707,9198
2026-01-02 09:57:59,13.01,700,9107
2026-01-02 09:58:00,13.01,716,9315
2026-01-02 09:58:01,13.01,681,8860
2026-01-02 09:58:02,13.01,700,9107
2026-01-02 09:58:03,13.01,726,9445
2026-01-02 09:58:04,13.01,712,9263
2026-01-02 09:58:05,13.01,719,9354
2026-01-02 09:58:06,13.01,728,9471
2026-01-02 09:58:07,13.01,684,8899
2026-01-02 09:58:08,13.01,696,9055
2026-01-02 09:58:09,13.01,686,8925
2026-01-02 09:58:10,13.01,665,8652
2026-01-02 09:58:11,13.01,662,8613
2026-01-02 09:58:12,13.01,710,9237
2026-01-02 09:58:13,13.01,725,9432
2026-01-02 09:58:14,13.01,645,8391
2026-01-02 09:58:15,13.01,710,9237
2026-01-02 09:58:16,13.01,633,8235
2026-01-02 09:58:17,13.01,698,9081
2026-01-02 09:58:18,13.01,656,8535
2026-01-02 09:58:19,13.01,691,8990
2026-01-02 09:58:20,13.01,675,8782
2026-01-02 09:58:21,13.01,630,8196
2026-01-02 09:58:22,13.01,689,8964
2026-01-02 09:58:23,13.01,695,9042
2026-01-02 09:58:24,13.01,699,9094
2026-01-02 09:58:25,13.01,734,9549
2026-01-02 09:58:26,13.01,695,9042
2026-01-02 09:58:27,13.01,710,9237
2026-01-02 09:58:28,13.01,727,9458
2026-01-02 09:58:29,13.01,700,9107
2026-01-02 09:58:30,13.01,694,9029
2026-01-02 09:58:31,13.01,703,9146
2026-01-02 09:58:32,13.01,691,8990
2026-01-02 09:58:33,13.01,664,8639
2026-01-02 09:58:34,13.01,697,9068
2026-01-02 09:58:35,13.01,700,9107
2026-01-02 09:58:36,13.01,720,9367
2026-01-02 09:58:37,13.01,690,8977
2026-01-02 09:58:38,13.01,700,9107
2026-01-02 09:58:39,13.01,680,8847
2026-01-02 09:58:40,13.01,630,8196
2026-01-02 09:58:41,13.01,709,9224
2026-01-02 09:58:42,13.01,689,8964
2026-01-02 09:58:43,13.01,723,9406
2026-01-02 09:58:44,13.01,710,9237
2026-01-02 09:58:45,13.01,716,9315
2026-01-02 09:58:46,13.01,653,8496
2026-01-02 09:58:47,13.01,626,8144
2026-01-02 09:58:48,13.01,710,9237
2026-01-02 09:58:49,13.01,665,8652
2026-01-02 09:58:50,13.01,684,8899
2026-01-02 09:58:51,13.01,707,9198
2026-01-02 09:58:52,13.01,674,8769
2026-01-02 09:58:53,13.01,679,8834
2026-01-02 09:58:54,13.01,738,9601
2026-01-02 09:58:55,13.01,689,8964
2026-01-02 09:58:56,13.01,688,8951
2026-01-02 09:58:57,13.01,697,9068
2026-01-02 09:58:58,13.01,663,8626
2026-01-02 09:58:59,13.01,683,8886
2026-01-02 09:59:00,13.01,698,9081
2026-01-02 09:59:01,13.01,703,9146
2026-01-02 09:59:02,13.01,676,8795
2026-01-02 09:59:03,13.01,676,8795
2026-01-02 09:59:04,13.01,700,9107
2026-01-02 09:59:05,13.01,700,9107
2026-01-02 09:59:06,13.01,693,9016
2026-01-02 09:59:07,13.01,693,9016
2026-01-02 09:59:08,13.01,650,8456
2026-01-02 09:59:09,13.01,723,9406
2026-01-02 09:59:10,13.01,697,9068
2026-01-02 09:59:11,13.01,688,8951
2026-01-02 09:59:12,13.01,705,9172
2026-01-02 09:59:13,13.01,701,9120
2026-01-02 09:59:14,13.01,664,8639
2026-01-02 09:59:15,13.01,711,9250
2026-01-02 09:59:16,13.01,673,8756
2026-01-02 09:59:17,13.01,653,8496
2026-01-02 09:59:18,13.01,685,8912
2026-01-02 09:59:19,13.01,689,8964
2026-01-02 09:59:20,13.01,688,8951
2026-01-02 09:59:21,13.01,666,8665
2026-01-02 09:59:22,13.01,678,8821
2026-01-02 09:59:23,13.01,683,8886
2026-01-02 09:59:24,13.01,749,9744
2026-01-02 09:59:25,13.01,681,8860
2026-01-02 09:59:26,13.01,712,9263
2026-01-02 09:59:27,13.01,678,8821
2026-01-02 09:59:28,13.01,664,8639
2026-01-02 09:59:29,13.01,684,8899
2026-01-02 09:59:30,13.01,705,9172
2026-01-02 09:59:31,13.01,650,8456
2026-01-02 09:59:32,13.01,679,8834
2026-01-02 09:59:33,13.01,720,9367
2026-01-02 09:59:34,13.01,705,9172
2026-01-02 09:59:35,13.01,702,9133
2026-01-02 09:59:36,13.01,700,9107
2026-01-02 09:59:37,13.01,663,8626
2026-01-02 09:59:38,13.01,670,8717
2026-01-02 09:59:39,13.01,703,9146
2026-01-02 09:59:40,13.01,689,8964
2026-01-02 09:59:41,13.01,742,9653
2026-01-02 09:59:42,13.01,669,8704
2026-01-02 09:59:43,13.01,654,8509
2026-01-02 09:59:44,13.01,710,9237
2026-01-02 09:59:45,13.01,671,8730
2026-01-02 09:59:46,13.01,707,9198
2026-01-02 09:59:47,13.01,715,9302
2026-01-02 09:59:48,13.01,684,8899
2026-01-02 09:59:49,13.01,647,8417
2026-01-02 09:59:50,13.01,698,9081
2026-01-02 09:59:51,13.01,651,8470
2026-01-02 09:59:52,13.01,741,9640
2026-01-02 09:59:53,13.01,676,8795
2026-01-02 09:59:54,13.01,723,9406
2026-01-02 09:59:55,13.01,703,9146
2026-01-02 09:59:56,13.01,692,9003
2026-01-02 09:59:57,13.01,676,8795
2026-01-02 09:59:58,13.01,689,8964
2026-01-02 09:59:59,13.01,593,7715
2026-01-02 10:00:00,13.01,645,8391
2026-01-02 10:00:01,13.01,701,9120
2026-01-02 10:00:02,13.01,680,8847
2026-01-02 10:00:03,13.01,699,9094
2026-01-02 10:00:04,13.01,674,8769
2026-01-02 10:00:05,13.01,718,9341
2026-01-02 10:00:06,13.01,715,9302
2026-01-02 10:00:07,13.01,695,9042
2026-01-02 10:00:08,13.01,684,8899
2026-01-02 10:00:09,13.01,708,9211
2026-01-02 10:00:10,13.01,662,8613
2026-01-02 10:00:11,13.01,680,8847
2026-01-02 10:00:12,13.01,721,9380
2026-01-02 10:00:13,13.01,673,8756
2026-01-02 10:00:14,13.01,690,8977
2026-01-02 10:00:15,13.01,695,9042
2026-01-02 10:00:16,13.01,660,8587
2026-01-02 10:00:17,13.01,686,8925
2026-01-02 10:00:18,13.01,702,9133
2026-01-02 10:00:19,13.01,670,8717
2026-01-02 10:00:20,13.01,629,8183
2026-01-02 10:00:21,13.01,670,8717
2026-01-02 10:00:22,13.01,689,8964
2026-01-02 10:00:23,13.01,745,9692
2026-01-02 10:00:24,13.01,736,9575
2026-01-02 10:00:25,13.01,656,8535
2026-01-02 10:00:26,13.01,683,8886
2026-01-02 10:00:27,13.01,685,8912
2026-01-02 10:00:28,13.01,696,9055
2026-01-02 10:00:29,13.01,694,9029
2026-01-02 10:00:30,13.01,722,9393
2026-01-02 10:00:31,13.01,673,8756
2026-01-02 10:00:32,13.01,659,8574
2026-01-02 10:00:33,13.01,682,8873
2026-01-02 10:00:34,13.01,688,8951
2026-01-02 10:00:35,13.01,638,8300
2026-01-02 10:00:36,13.01,690,8977
2026-01-02 10:00:37,13.01,710,9237
2026-01-02 10:00:38,13.01,626,8144
2026-01-02 10:00:39,13.01,656,8535
2026-01-02 10:00:40,13.01,704,9159
2026-01-02 10:00:41,13.01,680,8847
2026-01-02 10:00:42,13.01,685,8912
2026-01-02 10:00:43,13.01,659,8574
2026-01-02 10:00:44,13.01,630,8196
2026-01-02 10:00:45,13.01,623,8105
2026-01-02 10:00:46,13.01,686,8925
2026-01-02 10:00:47,13.01,679,8834
2026-01-02 10:00:48,13.01,698,9081
2026-01-02 10:00:49,13.01,693,9016
2026-01-02 10:00:50,13.01,671,8730
2026-01-02 10:00:51,13.01,690,8977
2026-01-02 10:00:52,13.01,669,8704
2026-01-02 10:00:53,13.01,710,9237
2026-01-02 10:00:54,13.01,688,8951
2026-01-02 10:00:55,13.01,671,8730
2026-01-02 10:00:56,13.01,685,8912
2026-01-02 10:00:57,13.01,711,9250
2026-01-02 10:00:58,13.01,692,9003
2026-01-02 10:00:59,13.01,700,9107
2026-01-02 10:01:00,13.01,697,9068
2026-01-02 10:01:01,13.01,675,8782
2026-01-02 10:01:02,13.01,698,9081
2026-01-02 10:01:03,13.01,669,8704
2026-01-02 10:01:04,13.01,706,9185
2026-01-02 10:01:05,13.01,667,8678
2026-01-02 10:01:06,13.01,695,9042
2026-01-02 10:01:07,13.01,686,8925
2026-01-02 10:01:08,13.01,717,9328
2026-01-02 10:01:09,13.01,700,9107
2026-01-02 10:01:10,13.01,672,8743
2026-01-02 10:01:11,13.01,671,8730
2026-01-02 10:01:12,13.01,658,8561
2026-01-02 10:01:13,13.01,649,8443
2026-01-02 10:01:14,13.01,683,8886
2026-01-02 10:01:15,13.01,665,8652
2026-01-02 10:01:16,13.01,661,8600
2026-01-02 10:01:17,13.01,651,8470
2026-01-02 10:01:18,13.01,649,8443
2026-01-02 10:01:19,13.01,655,8522
2026-01-02 10:01:20,13.01,697,9068
2026-01-02 10:01:21,13.01,655,8522
2026-01-02 10:01:22,13.01,698,9081
2026-01-02 10:01:23,13.01,648,8430
2026-01-02 10:01:24,13.01,675,8782
2026-01-02 10:01:25,13.01,665,8652
2026-01-02 10:01:26,13.01,692,9003
2026-01-02 10:01:27,13.01,668,8691
2026-01-02 10:01:28,13.01,638,8300
2026-01-02 10:01:29,13.01,634,8248
2026-01-02 10:01:30,13.01,664,8639
2026-01-02 10:01:31,13.01,630,8196
2026-01-02 10:01:32,13.01,657,8548
2026-01-02 10:01:33,13.01,674,8769
2026-01-02 10:01:34,13.01,636,8274
2026-01-02 10:01:35,13.01,702,9133
2026-01-02 10:01:36,13.01,688,8951
2026-01-02 10:01:37,13.01,676,8795
2026-01-02 10:01:38,13.01,688,8951
2026-01-02 10:01:39,13.01,659,8574
2026-01-02 10:01:40,13.01,665,8652
2026-01-02 10:01:41,13.01,722,9393
2026-01-02 10:01:42,13.01,681,8860
2026-01-02 10:01:43,13.01,702,9133
2026-01-02 10:01:44,13.01,664,8639
2026-01-02 10:01:45,13.01,657,8548
2026-01-02 10:01:46,13.01,678,8821
2026-01-02 10:01:47,13.01,678,8821
2026-01-02 10:01:48,13.01,683,8886
2026-01-02 10:01:49,13.01,617,8027
2026-01-02 10:01:50,13.01,609,7923
2026-01-02 10:01:51,13.01,658,8561
2026-01-02 10:01:52,13.01,634,8248
2026-01-02 10:01:53,13.01,661,8600
2026-01-02 10:01:54,13.01,672,8743
2026-01-02 10:01:55,13.01,666,8665
2026-01-02 10:01:56,13.01,641,8339
2026-01-02 10:01:57,13.01,652,8483
2026-01-02 10:01:58,13.01,669,8704
2026-01-02 10:01:59,13.01,650,8456
2026-01-02 10:02:00,13.01,650,8456
2026-01-02 10:02:01,13.01,652,8483
2026-01-02 10:02:02,13.01,686,8925
2026-01-02 10:02:03,13.01,673,8756
2026-01-02 10:02:04,13.01,694,9029
2026-01-02 10:02:05,13.01,698,9081
2026-01-02 10:02:06,13.01,677,8808
2026-01-02 10:02:07,13.01,729,9484
2026-01-02 10:02:08,13.01,669,8704
2026-01-02 10:02:09,13.01,683,8886
2026-01-02 10:02:10,13.01,731,9510
2026-01-02 10:02:11,13.01,634,8248
2026-01-02 10:02:12,13.01,640,8326
2026-01-02 10:02:13,13.01,684,8899
2026-01-02 10:02:14,13.01,664,8639
2026-01-02 10:02:15,13.01,621,8079
2026-01-02 10:02:16,13.01,625,8131
2026-01-02 10:02:17,13.01,694,9029
2026-01-02 10:02:18,13.01,655,8522
2026-01-02 10:02:19,13.01,702,9133
2026-01-02 10:02:20,13.01,677,8808
2026-01-02 10:02:21,13.01,651,8470
2026-01-02 10:02:22,13.01,703,9146
2026-01-02 10:02:23,13.01,651,8470
2026-01-02 10:02:24,13.01,657,8548
2026-01-02 10:02:25,13.01,709,9224
2026-01-02 10:02:26,13.01,630,8196
2026-01-02 10:02:27,13.01,650,8456
2026-01-02 10:02:28,13.01,662,8613
2026-01-02 10:02:29,13.01,657,8548
2026-01-02 10:02:30,13.01,663,8626
2026-01-02 10:02:31,13.01,671,8730
2026-01-02 10:02:32,13.01,660,8587
2026-01-02 10:02:33,13.01,644,8378
2026-01-02 10:02:34,13.01,622,8092
2026-01-02 10:02:35,13.01,697,9068
2026-01-02 10:02:36,13.01,677,8808
2026-01-02 10:02:37,13.01,605,7871
2026-01-02 10:02:38,13.01,623,8105
2026-01-02 10:02:39,13.01,663,8626
2026-01-02 10:02:40,13.01,659,8574
2026-01-02 10:02:41,13.01,697,9068
2026-01-02 10:02:42,13.01,618,8040
2026-01-02 10:02:43,13.01,672,8743
2026-01-02 10:02:44,13.01,655,8522
2026-01-02 10:02:45,13.01,649,8443
2026-01-02 10:02:46,13.01,673,8756
2026-01-02 10:02:47,13.01,718,9341
2026-01-02 10:02:48,13.01,674,8769
2026-01-02 10:02:49,13.01,658,8561
2026-01-02 10:02:50,13.01,644,8378
2026-01-02 10:02:51,13.01,648,8430
2026-01-02 10:02:52,13.01,632,8222
2026-01-02 10:02:53,13.01,634,8248
2026-01-02 10:02:54,13.01,653,8496
2026-01-02 10:02:55,13.01,623,8105
2026-01-02 10:02:56,13.01,645,8391
2026-01-02 10:02:57,13.01,702,9133
2026-01-02 10:02:58,13.01,679,8834
2026-01-02 10:02:59,13.01,623,8105
2026-01-02 10:03:00,13.01,685,8912
2026-01-02 10:03:01,13.01,672,8743
2026-01-02 10:03:02,13.01,647,8417
2026-01-02 10:03:03,13.01,656,8535
2026-01-02 10:03:04,13.01,624,8118
2026-01-02 10:03:05,13.01,672,8743
2026-01-02 10:03:06,13.01,646,8404
2026-01-02 10:03:07,13.01,688,8951
2026-01-02 10:03:08,13.01,671,8730
2026-01-02 10:03:09,13.01,648,8430
2026-01-02 10:03:10,13.01,620,8066
2026-01-02 10:03:11,13.01,656,8535
2026-01-02 10:03:12,13.01,634,8248
2026-01-02 10:03:13,13.01,631,8209
2026-01-02 10:03:14,13.01,662,8613
2026-01-02 10:03:15,13.01,640,8326
2026-01-02 10:03:16,13.01,676,8795
2026-01-02 10:03:17,13.01,649,8443
2026-01-02 10:03:18,13.01,662,8613
2026-01-02 10:03:19,13.01,648,8430
2026-01-02 10:03:20,13.01,695,9042
2026-01-02 10:03:21,13.01,675,8782
2026-01-02 10:03:22,13.01,641,8339
2026-01-02 10:03:23,13.01,674,8769
2026-01-02 10:03:24,13.01,659,8574
2026-01-02 10:03:25,13.01,627,8157
2026-01-02 10:03:26,13.01,653,8496
2026-01-02 10:03:27,13.01,659,8574
2026-01-02 10:03:28,13.01,628,8170
2026-01-02 10:03:29,13.01,675,8782
2026-01-02 10:03:30,13.01,646,8404
2026-01-02 10:03:31,13.01,718,9341
2026-01-02 10:03:32,13.01,602,7832
2026-01-02 10:03:33,13.01,654,8509
2026-01-02 10:03:34,13.01,682,8873
2026-01-02 10:03:35,13.01,710,9237
2026-01-02 10:03:36,13.01,658,8561
2026-01-02 10:03:37,13.01,668,8691
2026-01-02 10:03:38,13.01,696,9055
2026-01-02 10:03:39,13.01,642,8352
2026-01-02 10:03:40,13.01,629,8183
2026-01-02 10:03:41,13.01,654,8509
2026-01-02 10:03:42,13.01,658,8561
2026-01-02 10:03:43,13.01,679,8834
2026-01-02 10:03:44,13.01,666,8665
2026-01-02 10:03:45,13.01,617,8027
2026-01-02 10:03:46,13.01,688,8951
2026-01-02 10:03:47,13.01,633,8235
2026-01-02 10:03:48,13.01,632,8222
2026-01-02 10:03:49,13.01,645,8391
2026-01-02 10:03:50,13.01,637,8287
2026-01-02 10:03:51,13.01,682,8873
2026-01-02 10:03:52,13.01,649,8443
2026-01-02 10:03:53,13.01,633,8235
2026-01-02 10:03:54,13.01,683,8886
2026-01-02 10:03:55,13.01,643,8365
2026-01-02 10:03:56,13.01,680,8847
2026-01-02 10:03:57,13.01,639,8313
2026-01-02 10:03:58,13.01,662,8613
2026-01-02 10:03:59,13.01,664,8639
2026-01-02 10:04:00,13.01,613,7975
2026-01-02 10:04:01,13.01,627,8157
2026-01-02 10:04:02,13.01,635,8261
2026-01-02 10:04:03,13.01,657,8548
2026-01-02 10:04:04,13.01,643,8365
2026-01-02 10:04:05,13.01,688,8951
2026-01-02 10:04:06,13.01,668,8691
2026-01-02 10:04:07,13.01,656,8535
2026-01-02 10:04:08,13.01,664,8639
2026-01-02 10:04:09,13.01,604,7858
2026-01-02 10:04:10,13.01,659,8574
2026-01-02 10:04:11,13.01,641,8339
2026-01-02 10:04:12,13.01,695,9042
2026-01-02 10:04:13,13.01,656,8535
2026-01-02 10:04:14,13.01,645,8391
2026-01-02 10:04:15,13.01,691,8990
2026-01-02 10:04:16,13.01,661,8600
2026-01-02 10:04:17,13.01,660,8587
2026-01-02 10:04:18,13.01,644,8378
2026-01-02 10:04:19,13.01,670,8717
2026-01-02 10:04:20,13.01,651,8470
2026-01-02 10:04:21,13.01,652,8483
2026-01-02 10:04:22,13.01,624,8118
2026-01-02 10:04:23,13.01,595,7741
2026-01-02 10:04:24,13.01,676,8795
2026-01-02 10:04:25,13.01,591,7689
2026-01-02 10:04:26,13.01,658,8561
2026-01-02 10:04:27,13.01,622,8092
2026-01-02 10:04:28,13.01,705,9172
2026-01-02 10:04:29,13.01,678,8821
2026-01-02 10:04:30,13.01,685,8912
2026-01-02 10:04:31,13.01,650,8456
2026-01-02 10:04:32,13.01,689,8964
2026-01-02 10:04:33,13.01,593,7715
2026-01-02 10:04:34,13.01,603,7845
2026-01-02 10:04:35,13.01,618,8040
2026-01-02 10:04:36,13.01,605,7871
2026-01-02 10:04:37,13.01,619,8053
2026-01-02 10:04:38,13.01,669,8704
2026-01-02 10:04:39,13.01,700,9107
2026-01-02 10:04:40,13.01,673,8756
2026-01-02 10:04:41,13.01,645,8391
2026-01-02 10:04:42,13.01,626,8144
2026-01-02 10:04:43,13.01,654,8509
2026-01-02 10:04:44,13.01,692,9003
2026-01-02 10:04:45,13.01,629,8183
2026-01-02 10:04:46,13.01,626,8144
2026-01-02 10:04:47,13.01,657,8548
2026-01-02 10:04:48,13.01,658,8561
2026-01-02 10:04:49,13.01,644,8378
2026-01-02 10:04:50,13.01,635,8261
2026-01-02 10:04:51,13.01,641,8339
2026-01-02 10:04:52,13.01,715,9302
2026-01-02 10:04:53,13.01,697,9068
2026-01-02 10:04:54,13.01,683,8886
2026-01-02 10:04:55,13.01,638,8300
2026-01-02 10:04:56,13.01,655,8522
2026-01-02 10:04:57,13.01,639,8313
2026-01-02 10:04:58,13.01,645,8391
2026-01-02 10:04:59,13.01,650,8456
2026-01-02 10:05:00,13.01,625,8131
2026-01-02 10:05:01,13.01,612,7962
2026-01-02 10:05:02,13.01,671,8730
2026-01-02 10:05:03,13.01,675,8782
2026-01-02 10:05:04,13.01,645,8391
2026-01-02 10:05:05,13.01,614,7988
2026-01-02 10:05:06,13.01,676,8795
2026-01-02 10:05:07,13.01,580,7546
2026-01-02 10:05:08,13.01,637,8287
2026-01-02 10:05:09,13.01,639,8313
2026-01-02 10:05:10,13.01,645,8391
2026-01-02 10:05:11,13.01,637,8287
2026-01-02 10:05:12,13.01,648,8430
2026-01-02 10:05:13,13.01,589,7663
2026-01-02 10:05:14,13.01,663,8626
2026-01-02 10:05:15,13.01,688,8951
2026-01-02 10:05:16,13.01,658,8561
2026-01-02 10:05:17,13.01,669,8704
2026-01-02 10:05:18,13.01,652,8483
2026-01-02 10:05:19,13.01,664,8639
2026-01-02 10:05:20,13.01,635,8261
2026-01-02 10:05:21,13.01,634,8248
2026-01-02 10:05:22,13.01,647,8417
2026-01-02 10:05:23,13.01,599,7793
2026-01-02 10:05:24,13.01,666,8665
2026-01-02 10:05:25,13.01,645,8391
2026-01-02 10:05:26,13.01,671,8730
2026-01-02 10:05:27,13.01,653,8496
2026-01-02 10:05:28,13.01,673,8756
2026-01-02 10:05:29,13.01,615,8001
2026-01-02 10:05:30,13.01,611,7949
2026-01-02 10:05:31,13.01,652,8483
2026-01-02 10:05:32,13.01,655,8522
2026-01-02 10:05:33,13.01,644,8378
2026-01-02 10:05:34,13.01,638,8300
2026-01-02 10:05:35,13.01,638,8300
2026-01-02 10:05:36,13.01,688,8951
2026-01-02 10:05:37,13.01,691,8990
2026-01-02 10:05:38,13.01,661,8600
2026-01-02 10:05:39,13.01,645,8391
2026-01-02 10:05:40,13.01,662,8613
2026-01-02 10:05:41,13.01,635,8261
2026-01-02 10:05:42,13.01,643,8365
2026-01-02 10:05:43,13.01,657,8548
2026-01-02 10:05:44,13.01,623,8105
2026-01-02 10:05:45,13.01,645,8391
2026-01-02 10:05:46,13.01,630,8196
2026-01-02 10:05:47,13.01,650,8456
2026-01-02 10:05:48,13.01,612,7962
2026-01-02 10:05:49,13.01,640,8326
2026-01-02 10:05:50,13.01,676,8795
2026-01-02 10:05:51,13.01,659,8574
2026-01-02 10:05:52,13.01,637,8287
2026-01-02 10:05:53,13.01,651,8470
2026-01-02 10:05:54,13.01,649,8443
2026-01-02 10:05:55,13.01,631,8209
2026-01-02 10:05:56,13.01,648,8430
2026-01-02 10:05:57,13.01,599,7793
2026-01-02 10:05:58,13.01,655,8522
2026-01-02 10:05:59,13.01,642,8352
2026-01-02 10:06:00,13.01,627,8157
2026-01-02 10:06:01,13.01,638,8300
2026-01-02 10:06:02,13.01,638,8300
2026-01-02 10:06:03,13.01,612,7962
2026-01-02 10:06:04,13.01,630,8196
2026-01-02 10:06:05,13.01,726,9445
2026-01-02 10:06:06,13.01,625,8131
2026-01-02 10:06:07,13.01,611,7949
2026-01-02 10:06:08,13.01,669,8704
2026-01-02 10:06:09,13.01,640,8326
2026-01-02 10:06:10,13.01,674,8769
2026-01-02 10:06:11,13.01,622,8092
2026-01-02 10:06:12,13.01,640,8326
2026-01-02 10:06:13,13.01,621,8079
2026-01-02 10:06:14,13.01,625,8131
2026-01-02 10:06:15,13.01,642,8352
2026-01-02 10:06:16,13.01,600,7806
2026-01-02 10:06:17,13.01,662,8613
2026-01-02 10:06:18,13.01,626,8144
2026-01-02 10:06:19,13.01,588,7650
2026-01-02 10:06:20,13.01,695,9042
2026-01-02 10:06:21,13.01,644,8378
2026-01-02 10:06:22,13.01,661,8600
2026-01-02 10:06:23,13.01,652,8483
2026-01-02 10:06:24,13.01,631,8209
2026-01-02 10:06:25,13.01,657,8548
2026-01-02 10:06:26,13.01,656,8535
2026-01-02 10:06:27,13.01,644,8378
2026-01-02 10:06:28,13.01,669,8704
2026-01-02 10:06:29,13.01,673,8756
2026-01-02 10:06:30,13.01,649,8443
2026-01-02 10:06:31,13.01,643,8365
2026-01-02 10:06:32,13.01,690,8977
2026-01-02 10:06:33,13.01,711,9250
2026-01-02 10:06:34,13.01,635,8261
2026-01-02 10:06:35,13.01,644,8378
2026-01-02 10:06:36,13.01,637,8287
2026-01-02 10:06:37,13.01,651,8470
2026-01-02 10:06:38,13.01,639,8313
2026-01-02 10:06:39,13.01,627,8157
2026-01-02 10:06:40,13.01,663,8626
2026-01-02 10:06:41,13.01,647,8417
2026-01-02 10:06:42,13.01,668,8691
2026-01-02 10:06:43,13.01,624,8118
2026-01-02 10:06:44,13.01,655,8522
2026-01-02 10:06:45,13.01,652,8483
2026-01-02 10:06:46,13.01,644,8378
2026-01-02 10:06:47,13.01,660,8587
2026-01-02 10:06:48,13.01,647,8417
2026-01-02 10:06:49,13.01,644,8378
2026-01-02 10:06:50,13.01,662,8613
2026-01-02 10:06:51,13.01,620,8066
2026-01-02 10:06:52,13.01,633,8235
2026-01-02 10:06:53,13.01,641,8339
2026-01-02 10:06:54,13.01,639,8313
2026-01-02 10:06:55,13.01,662,8613
2026-01-02 10:06:56,13.01,639,8313
2026-01-02 10:06:57,13.01,634,8248
2026-01-02 10:06:58,13.01,670,8717
2026-01-02 10:06:59,13.01,657,8548
2026-01-02 10:07:00,13.01,652,8483
2026-01-02 10:07:01,13.01,634,8248
2026-01-02 10:07:02,13.01,646,8404
2026-01-02 10:07:03,13.01,674,8769
2026-01-02 10:07:04,13.01,625,8131
2026-01-02 10:07:05,13.01,666,8665
2026-01-02 10:07:06,13.01,690,8977
2026-01-02 10:07:07,13.01,654,8509
2026-01-02 10:07:08,13.01,636,8274
2026-01-02 10:07:09,13.01,596,7754
2026-01-02 10:07:10,13.01,675,8782
2026-01-02 10:07:11,13.01,634,8248
2026-01-02 10:07:12,13.01,687,8938
2026-01-02 10:07:13,13.01,648,8430
2026-01-02 10:07:14,13.01,631,8209
2026-01-02 10:07:15,13.01,629,8183
2026-01-02 10:07:16,13.01,651,8470
2026-01-02 10:07:17,13.01,639,8313
2026-01-02 10:07:18,13.01,684,8899
2026-01-02 10:07:19,13.01,679,8834
2026-01-02 10:07:20,13.01,603,7845
2026-01-02 10:07:21,13.01,658,8561
2026-01-02 10:07:22,13.01,609,7923
2026-01-02 10:07:23,13.01,650,8456
2026-01-02 10:07:24,13.01,593,7715
2026-01-02 10:07:25,13.01,638,8300
2026-01-02 10:07:26,13.01,642,8352
2026-01-02 10:07:27,13.01,627,8157
2026-01-02 10:07:28,13.01,604,7858
2026-01-02 10:07:29,13.01,654,8509
2026-01-02 10:07:30,13.01,662,8613
2026-01-02 10:07:31,13.01,610,7936
2026-01-02 10:07:32,13.01,620,8066
2026-01-02 10:07:33,13.01,608,7910
2026-01-02 10:07:34,13.01,616,8014
2026-01-02 10:07:35,13.01,631,8209
2026-01-02 10:07:36,13.01,656,8535
2026-01-02 10:07:37,13.01,633,8235
2026-01-02 10:07:38,13.01,645,8391
2026-01-02 10:07:39,13.01,621,8079
2026-01-02 10:07:40,13.01,645,8391
2026-01-02 10:07:41,13.01,638,8300
2026-01-02 10:07:42,13.01,638,8300
2026-01-02 10:07:43,13.01,640,8326
2026-01-02 10:07:44,13.01,628,8170
2026-01-02 10:07:45,13.01,651,8470
2026-01-02 10:07:46,13.01,601,7819
2026-01-02 10:07:47,13.01,649,8443
2026-01-02 10:07:48,13.01,668,8691
2026-01-02 10:07:49,13.01,649,8443
2026-01-02 10:07:50,13.01,640,8326
2026-01-02 10:07:51,13.01,630,8196
2026-01-02 10:07:52,13.01,649,8443
2026-01-02 10:07:53,13.01,634,8248
2026-01-02 10:07:54,13.01,587,7637
2026-01-02 10:07:55,13.01,629,8183
2026-01-02 10:07:56,13.01,664,8639
2026-01-02 10:07:57,13.01,635,8261
2026-01-02 10:07:58,13.01,612,7962
2026-01-02 10:07:59,13.01,653,8496
2026-01-02 10:08:00,13.01,598,7780
2026-01-02 10:08:01,13.01,631,8209
2026-01-02 10:08:02,13.01,644,8378
2026-01-02 10:08:03,13.01,663,8626
2026-01-02 10:08:04,13.01,643,8365
2026-01-02 10:08:05,13.01,675,8782
2026-01-02 10:08:06,13.01,588,7650
2026-01-02 10:08:07,13.01,629,8183
2026-01-02 10:08:08,13.01,638,8300
2026-01-02 10:08:09,13.01,633,8235
2026-01-02 10:08:10,13.01,646,8404
2026-01-02 10:08:11,13.01,642,8352
2026-01-02 10:08:12,13.01,616,8014
2026-01-02 10:08:13,13.01,624,8118
2026-01-02 10:08:14,13.01,636,8274
2026-01-02 10:08:15,13.01,641,8339
2026-01-02 10:08:16,13.01,622,8092
2026-01-02 10:08:17,13.01,638,8300
2026-01-02 10:08:18,13.01,629,8183
2026-01-02 10:08:19,13.01,614,7988
2026-01-02 10:08:20,13.01,618,8040
2026-01-02 10:08:21,13.01,646,8404
2026-01-02 10:08:22,13.01,627,8157
2026-01-02 10:08:23,13.01,658,8561
2026-01-02 10:08:24,13.01,654,8509
2026-01-02 10:08:25,13.01,625,8131
2026-01-02 10:08:26,13.01,600,7806
2026-01-02 10:08:27,13.01,653,8496
2026-01-02 10:08:28,13.01,686,8925
2026-01-02 10:08:29,13.01,639,8313
2026-01-02 10:08:30,13.01,580,7546
2026-01-02 10:08:31,13.01,657,8548
2026-01-02 10:08:32,13.01,611,7949
2026-01-02 10:08:33,13.01,646,8404
2026-01-02 10:08:34,13.01,667,8678
2026-01-02 10:08:35,13.01,646,8404
2026-01-02 10:08:36,13.01,675,8782
2026-01-02 10:08:37,13.01,661,8600
2026-01-02 10:08:38,13.01,622,8092
2026-01-02 10:08:39,13.01,632,8222
2026-01-02 10:08:40,13.01,644,8378
2026-01-02 10:08:41,13.01,608,7910
2026-01-02 10:08:42,13.01,638,8300
2026-01-02 10:08:43,13.01,664,8639
2026-01-02 10:08:44,13.01,606,7884
2026-01-02 10:08:45,13.01,662,8613
2026-01-02 10:08:46,13.01,614,7988
2026-01-02 10:08:47,13.01,644,8378
2026-01-02 10:08:48,13.01,578,7520
2026-01-02 10:08:49,13.01,586,7624
2026-01-02 10:08:50,13.01,624,8118
2026-01-02 10:08:51,13.01,645,8391
2026-01-02 10:08:52,13.01,648,8430
2026-01-02 10:08:53,13.01,645,8391
2026-01-02 10:08:54,13.01,616,8014
2026-01-02 10:08:55,13.01,653,8496
2026-01-02 10:08:56,13.01,682,8873
2026-01-02 10:08:57,13.01,589,7663
2026-01-02 10:08:58,13.01,600,7806
2026-01-02 10:08:59,13.01,661,8600
2026-01-02 10:09:00,13.01,637,8287
2026-01-02 10:09:01,13.01,611,7949
2026-01-02 10:09:02,13.01,582,7572
2026-01-02 10:09:03,13.01,619,8053
2026-01-02 10:09:04,13.01,650,8456
2026-01-02 10:09:05,13.01,619,8053
2026-01-02 10:09:06,13.01,614,7988
2026-01-02 10:09:07,13.01,616,8014
2026-01-02 10:09:08,13.01,639,8313
2026-01-02 10:09:09,13.01,646,8404
2026-01-02 10:09:10,13.01,630,8196
2026-01-02 10:09:11,13.01,622,8092
2026-01-02 10:09:12,13.01,660,8587
2026-01-02 10:09:13,13.01,596,7754
2026-01-02 10:09:14,13.01,616,8014
2026-01-02 10:09:15,13.01,589,7663
2026-01-02 10:09:16,13.01,629,8183
2026-01-02 10:09:17,13.01,638,8300
2026-01-02 10:09:18,13.01,643,8365
2026-01-02 10:09:19,13.01,663,8626
2026-01-02 10:09:20,13.01,634,8248
2026-01-02 10:09:21,13.01,626,8144
2026-01-02 10:09:22,13.01,626,8144
2026-01-02 10:09:23,13.01,626,8144
2026-01-02 10:09:24,13.01,625,8131
2026-01-02 10:09:25,13.01,639,8313
2026-01-02 10:09:26,13.01,585,7611
2026-01-02 10:09:27,13.01,574,7468
2026-01-02 10:09:28,13.01,620,8066
2026-01-02 10:09:29,13.01,615,8001
2026-01-02 10:09:30,13.01,599,7793
2026-01-02 10:09:31,13.01,597,7767
2026-01-02 10:09:32,13.01,614,7988
2026-01-02 10:09:33,13.01,623,8105
2026-01-02 10:09:34,13.01,619,8053
2026-01-02 10:09:35,13.01,645,8391
2026-01-02 10:09:36,13.01,611,7949
2026-01-02 10:09:37,13.01,587,7637
2026-01-02 10:09:38,13.01,640,8326
2026-01-02 10:09:39,13.01,643,8365
2026-01-02 10:09:40,13.01,606,7884
2026-01-02 10:09:41,13.01,591,7689
2026-01-02 10:09:42,13.01,631,8209
2026-01-02 10:09:43,13.01,656,8535
2026-01-02 10:09:44,13.01,585,7611
2026-01-02 10:09:45,13.01,631,8209
2026-01-02 10:09:46,13.01,619,8053
2026-01-02 10:09:47,13.01,601,7819
2026-01-02 10:09:48,13.01,619,8053
2026-01-02 10:09:49,13.01,621,8079
2026-01-02 10:09:50,13.01,605,7871
2026-01-02 10:09:51,13.01,608,7910
2026-01-02 10:09:52,13.01,630,8196
2026-01-02 10:09:53,13.01,640,8326
2026-01-02 10:09:54,13.01,643,8365
2026-01-02 10:09:55,13.01,649,8443
2026-01-02 10:09:56,13.01,633,8235
2026-01-02 10:09:57,13.01,618,8040
2026-01-02 10:09:58,13.01,635,8261
2026-01-02 10:09:59,13.01,654,8509
2026-01-02 10:10:00,13.01,639,8313
2026-01-02 10:10:01,13.01,587,7637
2026-01-02 10:10:02,13.01,643,8365
2026-01-02 10:10:03,13.01,645,8391
2026-01-02 10:10:04,13.01,636,8274
2026-01-02 10:10:05,13.01,615,8001
2026-01-02 10:10:06,13.01,629,8183
2026-01-02 10:10:07,13.01,620,8066
2026-01-02 10:10:08,13.01,614,7988
2026-01-02 10:10:09,13.01,590,7676
2026-01-02 10:10:10,13.01,568,7390
2026-01-02 10:10:11,13.01,705,9172
2026-01-02 10:10:12,13.01,546,7103
2026-01-02 10:10:13,13.01,664,8639
2026-01-02 10:10:14,13.01,593,7715
2026-01-02 10:10:15,13.01,626,8144
2026-01-02 10:10:16,13.01,612,7962
2026-01-02 10:10:17,13.01,601,7819
2026-01-02 10:10:18,13.01,592,7702
2026-01-02 10:10:19,13.01,621,8079
2026-01-02 10:10:20,13.01,617,8027
2026-01-02 10:10:21,13.01,602,7832
2026-01-02 10:10:22,13.01,637,8287
2026-01-02 10:10:23,13.01,594,7728
2026-01-02 10:10:24,13.01,598,7780
2026-01-02 10:10:25,13.01,568,7390
2026-01-02 10:10:26,13.01,622,8092
2026-01-02 10:10:27,13.01,619,8053
2026-01-02 10:10:28,13.01,632,8222
2026-01-02 10:10:29,13.01,605,7871
2026-01-02 10:10:30,13.01,597,7767
2026-01-02 10:10:31,13.01,588,7650
2026-01-02 10:10:32,13.01,603,7845
2026-01-02 10:10:33,13.01,602,7832
2026-01-02 10:10:34,13.01,649,8443
2026-01-02 10:10:35,13.01,639,8313
2026-01-02 10:10:36,13.01,587,7637
2026-01-02 10:10:37,13.01,598,7780
2026-01-02 10:10:38,13.01,603,7845
2026-01-02 10:10:39,13.01,614,7988
2026-01-02 10:10:40,13.01,579,7533
2026-01-02 10:10:41,13.01,620,8066
2026-01-02 10:10:42,13.01,630,8196
2026-01-02 10:10:43,13.01,598,7780
2026-01-02 10:10:44,13.01,632,8222
2026-01-02 10:10:45,13.01,576,7494
2026-01-02 10:10:46,13.01,614,7988
2026-01-02 10:10:47,13.01,634,8248
2026-01-02 10:10:48,13.01,590,7676
2026-01-02 10:10:49,13.01,623,8105
2026-01-02 10:10:50,13.01,618,8040
2026-01-02 10:10:51,13.01,650,8456
2026-01-02 10:10:52,13.01,658,8561
2026-01-02 10:10:53,13.01,598,7780
2026-01-02 10:10:54,13.01,585,7611
2026-01-02 10:10:55,13.01,593,7715
2026-01-02 10:10:56,13.01,592,7702
2026-01-02 10:10:57,13.01,669,8704
2026-01-02 10:10:58,13.01,655,8522
2026-01-02 10:10:59,13.01,625,8131
2026-01-02 10:11:00,13.01,582,7572
2026-01-02 10:11:01,13.01,657,8548
2026-01-02 10:11:02,13.01,585,7611
2026-01-02 10:11:03,13.01,624,8118
2026-01-02 10:11:04,13.01,635,8261
2026-01-02 10:11:05,13.01,585,7611
2026-01-02 10:11:06,13.01,626,8144
2026-01-02 10:11:07,13.01,602,7832
2026-01-02 10:11:08,13.01,601,7819
2026-01-02 10:11:09,13.01,588,7650
2026-01-02 10:11:10,13.01,629,8183
2026-01-02 10:11:11,13.01,620,8066
2026-01-02 10:11:12,13.01,563,7325
2026-01-02 10:11:13,13.01,634,8248
2026-01-02 10:11:14,13.01,623,8105
2026-01-02 10:11:15,13.01,615,8001
2026-01-02 10:11:16,13.01,661,8600
2026-01-02 10:11:17,13.01,618,8040
2026-01-02 10:11:18,13.01,595,7741
2026-01-02 10:11:19,13.01,637,8287
2026-01-02 10:11:20,13.01,600,7806
2026-01-02 10:11:21,13.01,618,8040
2026-01-02 10:11:22,13.01,617,8027
2026-01-02 10:11:23,13.01,598,7780
2026-01-02 10:11:24,13.01,620,8066
2026-01-02 10:11:25,13.01,613,7975
2026-01-02 10:11:26,13.01,654,8509
2026-01-02 10:11:27,13.01,627,8157
2026-01-02 10:11:28,13.01,597,7767
2026-01-02 10:11:29,13.01,606,7884
2026-01-02 10:11:30,13.01,644,8378
2026-01-02 10:11:31,13.01,598,7780
2026-01-02 10:11:32,13.01,632,8222
2026-01-02 10:11:33,13.01,627,8157
2026-01-02 10:11:34,13.01,614,7988
2026-01-02 10:11:35,13.01,648,8430
2026-01-02 10:11:36,13.01,627,8157
2026-01-02 10:11:37,13.01,601,7819
2026-01-02 10:11:38,13.01,603,7845
2026-01-02 10:11:39,13.01,592,7702
2026-01-02 10:11:40,13.01,609,7923
2026-01-02 10:11:41,13.01,622,8092
2026-01-02 10:11:42,13.01,591,7689
2026-01-02 10:11:43,13.01,626,8144
2026-01-02 10:11:44,13.01,600,7806
2026-01-02 10:11:45,13.01,580,7546
2026-01-02 10:11:46,13.01,628,8170
2026-01-02 10:11:47,13.01,629,8183
2026-01-02 10:11:48,13.01,598,7780
2026-01-02 10:11:49,13.01,575,7481
2026-01-02 10:11:50,13.01,621,8079
2026-01-02 10:11:51,13.01,641,8339
2026-01-02 10:11:52,13.01,558,7260
2026-01-02 10:11:53,13.01,624,8118
2026-01-02 10:11:54,13.01,628,8170
2026-01-02 10:11:55,13.01,646,8404
2026-01-02 10:11:56,13.01,644,8378
2026-01-02 10:11:57,13.01,613,7975
2026-01-02 10:11:58,13.01,604,7858
2026-01-02 10:11:59,13.01,626,8144
2026-01-02 10:12:00,13.01,614,7988
2026-01-02 10:12:01,13.01,654,8509
2026-01-02 10:12:02,13.01,584,7598
2026-01-02 10:12:03,13.01,650,8456
2026-01-02 10:12:04,13.01,647,8417
2026-01-02 10:12:05,13.01,602,7832
2026-01-02 10:12:06,13.01,568,7390
2026-01-02 10:12:07,13.01,632,8222
2026-01-02 10:12:08,13.01,597,7767
2026-01-02 10:12:09,13.01,655,8522
2026-01-02 10:12:10,13.01,621,8079
2026-01-02 10:12:11,13.01,616,8014
2026-01-02 10:12:12,13.01,632,8222
2026-01-02 10:12:13,13.01,609,7923
2026-01-02 10:12:14,13.01,630,8196
2026-01-02 10:12:15,13.01,550,7156
2026-01-02 10:12:16,13.01,604,7858
2026-01-02 10:12:17,13.01,586,7624
2026-01-02 10:12:18,13.01,570,7416
2026-01-02 10:12:19,13.01,583,7585
2026-01-02 10:12:20,13.01,579,7533
2026-01-02 10:12:21,13.01,636,8274
2026-01-02 10:12:22,13.01,612,7962
2026-01-02 10:12:23,13.01,604,7858
2026-01-02 10:12:24,13.01,605,7871
2026-01-02 10:12:25,13.01,589,7663
2026-01-02 10:12:26,13.01,624,8118
2026-01-02 10:12:27,13.01,647,8417
2026-01-02 10:12:28,13.01,614,7988
2026-01-02 10:12:29,13.01,656,8535
2026-01-02 10:12:30,13.01,585,7611
2026-01-02 10:12:31,13.01,586,7624
2026-01-02 10:12:32,13.01,628,8170
2026-01-02 10:12:33,13.01,613,7975
2026-01-02 10:12:34,13.01,618,8040
2026-01-02 10:12:35,13.01,590,7676
2026-01-02 10:12:36,13.01,623,8105
2026-01-02 10:12:37,13.01,601,7819
2026-01-02 10:12:38,13.01,631,8209
2026-01-02 10:12:39,13.01,640,8326
2026-01-02 10:12:40,13.01,600,7806
2026-01-02 10:12:41,13.01,587,7637
2026-01-02 10:12:42,13.01,608,7910
2026-01-02 10:12:43,13.01,585,7611
2026-01-02 10:12:44,13.01,618,8040
2026-01-02 10:12:45,13.01,584,7598
2026-01-02 10:12:46,13.01,611,7949
2026-01-02 10:12:47,13.01,589,7663
2026-01-02 10:12:48,13.01,554,7208
2026-01-02 10:12:49,13.01,616,8014
2026-01-02 10:12:50,13.01,595,7741
2026-01-02 10:12:51,13.01,594,7728
2026-01-02 10:12:52,13.01,614,7988
2026-01-02 10:12:53,13.01,644,8378
2026-01-02 10:12:54,13.01,596,7754
2026-01-02 10:12:55,13.01,593,7715
2026-01-02 10:12:56,13.01,592,7702
2026-01-02 10:12:57,13.01,572,7442
2026-01-02 10:12:58,13.01,644,8378
2026-01-02 10:12:59,13.01,608,7910
2026-01-02 10:13:00,13.01,618,8040
2026-01-02 10:13:01,13.01,598,7780
2026-01-02 10:13:02,13.01,608,7910
2026-01-02 10:13:03,13.01,596,7754
2026-01-02 10:13:04,13.01,607,7897
2026-01-02 10:13:05,13.01,633,8235
2026-01-02 10:13:06,13.01,617,8027
2026-01-02 10:13:07,13.01,607,7897
2026-01-02 10:13:08,13.01,616,8014
2026-01-02 10:13:09,13.01,614,7988
2026-01-02 10:13:10,13.01,619,8053
2026-01-02 10:13:11,13.01,567,7377
2026-01-02 10:13:12,13.01,610,7936
2026-01-02 10:13:13,13.01,600,7806
2026-01-02 10:13:14,13.01,588,7650
2026-01-02 10:13:15,13.01,594,7728
2026-01-02 10:13:16,13.01,623,8105
2026-01-02 10:13:17,13.01,561,7299
2026-01-02 10:13:18,13.01,568,7390
2026-01-02 10:13:19,13.01,581,7559
2026-01-02 10:13:20,13.01,602,7832
2026-01-02 10:13:21,13.01,598,7780
2026-01-02 10:13:22,13.01,616,8014
2026-01-02 10:13:23,13.01,604,7858
2026-01-02 10:13:24,13.01,620,8066
2026-01-02 10:13:25,13.01,592,7702
2026-01-02 10:13:26,13.01,570,7416
2026-01-02 10:13:27,13.01,615,8001
2026-01-02 10:13:28,13.01,616,8014
2026-01-02 10:13:29,13.01,588,7650
2026-01-02 10:13:30,13.01,590,7676
2026-01-02 10:13:31,13.01,607,7897
2026-01-02 10:13:32,13.01,567,7377
2026-01-02 10:13:33,13.01,580,7546
2026-01-02 10:13:34,13.01,576,7494
2026-01-02 10:13:35,13.01,573,7455
2026-01-02 10:13:36,13.01,591,7689
2026-01-02 10:13:37,13.01,549,7142
2026-01-02 10:13:38,13.01,590,7676
2026-01-02 10:13:39,13.01,647,8417
2026-01-02 10:13:40,13.01,612,7962
2026-01-02 10:13:41,13.01,597,7767
2026-01-02 10:13:42,13.01,595,7741
2026-01-02 10:13:43,13.01,660,8587
2026-01-02 10:13:44,13.01,641,8339
2026-01-02 10:13:45,13.01,558,7260
2026-01-02 10:13:46,13.01,585,7611
2026-01-02 10:13:47,13.01,581,7559
2026-01-02 10:13:48,13.01,621,8079
2026-01-02 10:13:49,13.01,580,7546
2026-01-02 10:13:50,13.01,584,7598
2026-01-02 10:13:51,13.01,634,8248
2026-01-02 10:13:52,13.01,555,7221
2026-01-02 10:13:53,13.01,596,7754
2026-01-02 10:13:54,13.01,640,8326
2026-01-02 10:13:55,13.01,554,7208
2026-01-02 10:13:56,13.01,634,8248
2026-01-02 10:13:57,13.01,606,7884
2026-01-02 10:13:58,13.01,620,8066
2026-01-02 10:13:59,13.01,583,7585
2026-01-02 10:14:00,13.01,574,7468
2026-01-02 10:14:01,13.01,566,7364
2026-01-02 10:14:02,13.01,615,8001
2026-01-02 10:14:03,13.01,641,8339
2026-01-02 10:14:04,13.01,583,7585
2026-01-02 10:14:05,13.01,572,7442
2026-01-02 10:14:06,13.01,620,8066
2026-01-02 10:14:07,13.01,612,7962
2026-01-02 10:14:08,13.01,579,7533
2026-01-02 10:14:09,13.01,644,8378
2026-01-02 10:14:10,13.01,574,7468
2026-01-02 10:14:11,13.01,573,7455
2026-01-02 10:14:12,13.01,622,8092
2026-01-02 10:14:13,13.01,594,7728
2026-01-02 10:14:14,13.01,646,8404
2026-01-02 10:14:15,13.01,626,8144
2026-01-02 10:14:16,13.01,635,8261
2026-01-02 10:14:17,13.01,584,7598
2026-01-02 10:14:18,13.01,579,7533
2026-01-02 10:14:19,13.01,636,8274
2026-01-02 10:14:20,13.01,582,7572
2026-01-02 10:14:21,13.01,571,7429
2026-01-02 10:14:22,13.01,581,7559
2026-01-02 10:14:23,13.01,577,7507
2026-01-02 10:14:24,13.01,626,8144
2026-01-02 10:14:25,13.01,579,7533
2026-01-02 10:14:26,13.01,613,7975
2026-01-02 10:14:27,13.01,612,7962
2026-01-02 10:14:28,13.01,666,8665
2026-01-02 10:14:29,13.01,573,7455
2026-01-02 10:14:30,13.01,610,7936
2026-01-02 10:14:31,13.01,586,7624
2026-01-02 10:14:32,13.01,586,7624
2026-01-02 10:14:33,13.01,571,7429
2026-01-02 10:14:34,13.01,640,8326
2026-01-02 10:14:35,13.01,612,7962
2026-01-02 10:14:36,13.01,601,7819
2026-01-02 10:14:37,13.01,620,8066
2026-01-02 10:14:38,13.01,597,7767
2026-01-02 10:14:39,13.01,583,7585
2026-01-02 10:14:40,13.01,581,7559
2026-01-02 10:14:41,13.01,602,7832
2026-01-02 10:14:42,13.01,603,7845
2026-01-02 10:14:43,13.01,612,7962
2026-01-02 10:14:44,13.01,572,7442
2026-01-02 10:14:45,13.01,615,8001
2026-01-02 10:14:46,13.01,606,7884
2026-01-02 10:14:47,13.01,613,7975
2026-01-02 10:14:48,13.01,598,7780
2026-01-02 10:14:49,13.01,573,7455
2026-01-02 10:14:50,13.01,603,7845
2026-01-02 10:14:51,13.01,600,7806
2026-01-02 10:14:52,13.01,594,7728
2026-01-02 10:14:53,13.01,565,7351
2026-01-02 10:14:54,13.01,581,7559
2026-01-02 10:14:55,13.01,601,7819
2026-01-02 10:14:56,13.01,593,7715
2026-01-02 10:14:57,13.01,551,7169
2026-01-02 10:14:58,13.01,579,7533
2026-01-02 10:14:59,13.01,588,7650
2026-01-02 10:15:00,13.01,606,7884
2026-01-02 10:15:01,13.01,614,7988
2026-01-02 10:15:02,13.01,574,7468
2026-01-02 10:15:03,13.01,583,7585
2026-01-02 10:15:04,13.01,560,7286
2026-01-02 10:15:05,13.01,581,7559
2026-01-02 10:15:06,13.01,615,8001
2026-01-02 10:15:07,13.01,602,7832
2026-01-02 10:15:08,13.01,548,7129
2026-01-02 10:15:09,13.01,577,7507
2026-01-02 10:15:10,13.01,567,7377
2026-01-02 10:15:11,13.01,578,7520
2026-01-02 10:15:12,13.01,600,7806
2026-01-02 10:15:13,13.01,530,6895
2026-01-02 10:15:14,13.01,590,7676
2026-01-02 10:15:15,13.01,588,7650
2026-01-02 10:15:16,13.01,577,7507
2026-01-02 10:15:17,13.01,625,8131
2026-01-02 10:15:18,13.01,564,7338
2026-01-02 10:15:19,13.01,554,7208
2026-01-02 10:15:20,13.01,594,7728
2026-01-02 10:15:21,13.01,586,7624
2026-01-02 10:15:22,13.01,606,7884
2026-01-02 10:15:23,13.01,540,7025
2026-01-02 10:15:24,13.01,557,7247
2026-01-02 10:15:25,13.01,595,7741
2026-01-02 10:15:26,13.01,633,8235
2026-01-02 10:15:27,13.01,599,7793
2026-01-02 10:15:28,13.01,640,8326
2026-01-02 10:15:29,13.01,561,7299
2026-01-02 10:15:30,13.01,573,7455
2026-01-02 10:15:31,13.01,622,8092
2026-01-02 10:15:32,13.01,571,7429
2026-01-02 10:15:33,13.01,568,7390
2026-01-02 10:15:34,13.01,614,7988
2026-01-02 10:15:35,13.01,593,7715
2026-01-02 10:15:36,13.01,560,7286
2026-01-02 10:15:37,13.01,624,8118
2026-01-02 10:15:38,13.01,640,8326
2026-01-02 10:15:39,13.01,567,7377
2026-01-02 10:15:40,13.01,622,8092
2026-01-02 10:15:41,13.01,611,7949
2026-01-02 10:15:42,13.01,607,7897
2026-01-02 10:15:43,13.01,569,7403
2026-01-02 10:15:44,13.01,598,7780
2026-01-02 10:15:45,13.01,595,7741
2026-01-02 10:15:46,13.01,570,7416
2026-01-02 10:15:47,13.01,575,7481
2026-01-02 10:15:48,13.01,576,7494
2026-01-02 10:15:49,13.01,619,8053
2026-01-02 10:15:50,13.01,580,7546
2026-01-02 10:15:51,13.01,607,7897
2026-01-02 10:15:52,13.01,587,7637
2026-01-02 10:15:53,13.01,575,7481
2026-01-02 10:15:54,13.01,580,7546
2026-01-02 10:15:55,13.01,602,7832
2026-01-02 10:15:56,13.01,576,7494
2026-01-02 10:15:57,13.01,612,7962
2026-01-02 10:15:58,13.01,582,7572
2026-01-02 10:15:59,13.01,584,7598
2026-01-02 10:16:00,13.01,622,8092
2026-01-02 10:16:01,13.01,560,7286
2026-01-02 10:16:02,13.01,598,7780
2026-01-02 10:16:03,13.01,588,7650
2026-01-02 10:16:04,13.01,575,7481
2026-01-02 10:16:05,13.01,586,7624
2026-01-02 10:16:06,13.01,594,7728
2026-01-02 10:16:07,13.01,568,7390
2026-01-02 10:16:08,13.01,630,8196
2026-01-02 10:16:09,13.01,610,7936
2026-01-02 10:16:10,13.01,591,7689
2026-01-02 10:16:11,13.01,605,7871
2026-01-02 10:16:12,13.01,597,7767
2026-01-02 10:16:13,13.01,562,7312
2026-01-02 10:16:14,13.01,608,7910
2026-01-02 10:16:15,13.01,562,7312
2026-01-02 10:16:16,13.01,594,7728
2026-01-02 10:16:17,13.01,580,7546
2026-01-02 10:16:18,13.01,559,7273
2026-01-02 10:16:19,13.01,589,7663
2026-01-02 10:16:20,13.01,600,7806
2026-01-02 10:16:21,13.01,628,8170
2026-01-02 10:16:22,13.01,624,8118
2026-01-02 10:16:23,13.01,637,8287
2026-01-02 10:16:24,13.01,560,7286
2026-01-02 10:16:25,13.01,589,7663
2026-01-02 10:16:26,13.01,599,7793
2026-01-02 10:16:27,13.01,555,7221
2026-01-02 10:16:28,13.01,592,7702
2026-01-02 10:16:29,13.01,585,7611
2026-01-02 10:16:30,13.01,569,7403
2026-01-02 10:16:31,13.01,600,7806
2026-01-02 10:16:32,13.01,551,7169
2026-01-02 10:16:33,13.01,568,7390
2026-01-02 10:16:34,13.01,621,8079
2026-01-02 10:16:35,13.01,587,7637
2026-01-02 10:16:36,13.01,592,7702
2026-01-02 10:16:37,13.01,582,7572
2026-01-02 10:16:38,13.01,569,7403
2026-01-02 10:16:39,13.01,556,7234
2026-01-02 10:16:40,13.01,599,7793
2026-01-02 10:16:41,13.01,637,8287
2026-01-02 10:16:42,13.01,588,7650
2026-01-02 10:16:43,13.01,590,7676
2026-01-02 10:16:44,13.01,570,7416
2026-01-02 10:16:45,13.01,591,7689
2026-01-02 10:16:46,13.01,562,7312
2026-01-02 10:16:47,13.01,600,7806
2026-01-02 10:16:48,13.01,576,7494
2026-01-02 10:16:49,13.01,569,7403
2026-01-02 10:16:50,13.01,554,7208
2026-01-02 10:16:51,13.01,567,7377
2026-01-02 10:16:52,13.01,604,7858
2026-01-02 10:16:53,13.01,588,7650
2026-01-02 10:16:54,13.01,563,7325
2026-01-02 10:16:55,13.01,585,7611
2026-01-02 10:16:56,13.01,639,8313
2026-01-02 10:16:57,13.01,552,7182
2026-01-02 10:16:58,13.01,598,7780
2026-01-02 10:16:59,13.01,599,7793
2026-01-02 10:17:00,13.01,611,7949
2026-01-02 10:17:01,13.01,603,7845
2026-01-02 10:17:02,13.01,601,7819
2026-01-02 10:17:03,13.01,600,7806
2026-01-02 10:17:04,13.01,555,7221
