timestamp,price,volume,amount
2026-01-02 09:30:00,53.57,281,15053
2026-01-02 09:30:01,53.48,271,14493
2026-01-02 09:30:02,53.47,266,14223
2026-01-02 09:30:03,53.65,292,15666
2026-01-02 09:30:04,53.70,272,14606
2026-01-02 09:30:05,53.75,302,16232
2026-01-02 09:30:06,53.58,282,15110
2026-01-02 09:30:07,53.67,285,15296
2026-01-02 09:30:08,53.42,274,14637
2026-01-02 09:30:09,53.60,283,15169
2026-01-02 09:30:10,53.74,275,14778
2026-01-02 09:30:11,53.73,266,14292
2026-01-02 09:30:12,53.75,289,15534
2026-01-02 09:30:13,53.37,291,15531
2026-01-02 09:30:14,53.32,290,15463
2026-01-02 09:30:15,53.32,277,14770
2026-01-02 09:30:16,53.32,267,14236
2026-01-02 09:30:17,53.32,246,13117
2026-01-02 09:30:18,53.32,278,14823
2026-01-02 09:30:19,53.32,289,15409
2026-01-02 09:30:20,53.68,291,15621
2026-01-02 09:30:21,53.89,247,13311
2026-01-02 09:30:22,53.68,286,15352
2026-01-02 09:30:23,53.43,254,13571
2026-01-02 09:30:24,53.32,269,14343
2026-01-02 09:30:25,53.38,278,14840
2026-01-02 09:30:26,53.32,281,14983
2026-01-02 09:30:27,53.44,260,13894
2026-01-02 09:30:28,53.50,261,13964
2026-01-02 09:30:29,54.24,254,13777
2026-01-02 09:30:30,54.13,279,15102
2026-01-02 09:30:31,53.68,279,14977
2026-01-02 09:30:32,53.75,261,14029
2026-01-02 09:30:33,53.49,278,14870
2026-01-02 09:30:34,53.52,307,16431
2026-01-02 09:30:35,53.53,296,15845
2026-01-02 09:30:36,53.32,277,14770
2026-01-02 09:30:37,53.32,264,14076
2026-01-02 09:30:38,53.32,263,14023
2026-01-02 09:30:39,53.32,273,14556
2026-01-02 09:30:40,53.32,255,13597
2026-01-02 09:30:41,53.32,259,13810
2026-01-02 09:30:42,53.32,261,13917
2026-01-02 09:30:43,53.32,278,14823
2026-01-02 09:30:44,53.32,273,14556
2026-01-02 09:30:45,53.32,288,15356
2026-01-02 09:30:46,53.32,255,13597
2026-01-02 09:30:47,53.32,291,15516
2026-01-02 09:30:48,53.35,274,14618
2026-01-02 09:30:49,53.36,278,14834
2026-01-02 09:30:50,53.59,269,14416
2026-01-02 09:30:51,53.44,279,14910
2026-01-02 09:30:52,53.45,284,15180
2026-01-02 09:30:53,53.49,269,14389
2026-01-02 09:30:54,53.92,287,15475
2026-01-02 09:30:55,54.12,296,16020
2026-01-02 09:30:56,54.37,288,15659
2026-01-02 09:30:57,54.37,275,14952
2026-01-02 09:30:58,54.37,269,14626
2026-01-02 09:30:59,54.37,245,13321
2026-01-02 09:31:00,54.37,277,15060
2026-01-02 09:31:01,54.37,285,15495
2026-01-02 09:31:02,54.37,264,14354
2026-01-02 09:31:03,54.37,261,14191
2026-01-02 09:31:04,54.37,296,16094
2026-01-02 09:31:05,54.37,255,13864
2026-01-02 09:31:06,54.37,270,14680
2026-01-02 09:31:07,54.37,271,14734
2026-01-02 09:31:08,54.37,292,15876
2026-01-02 09:31:09,54.37,277,15060
2026-01-02 09:31:10,54.37,288,15659
2026-01-02 09:31:11,54.37,243,13212
2026-01-02 09:31:12,54.37,279,15169
2026-01-02 09:31:13,54.37,277,15060
2026-01-02 09:31:14,54.37,262,14245
2026-01-02 09:31:15,54.37,289,15713
2026-01-02 09:31:16,54.37,290,15767
2026-01-02 09:31:17,54.37,297,16148
2026-01-02 09:31:18,54.37,267,14517
2026-01-02 09:31:19,54.37,266,14462
2026-01-02 09:31:20,54.37,282,15332
2026-01-02 09:31:21,54.37,273,14843
2026-01-02 09:31:22,54.37,260,14136
2026-01-02 09:31:23,54.37,252,13701
2026-01-02 09:31:24,54.37,273,14843
2026-01-02 09:31:25,54.37,275,14952
2026-01-02 09:31:26,54.37,262,14245
2026-01-02 09:31:27,54.37,268,14571
2026-01-02 09:31:28,54.37,255,13864
2026-01-02 09:31:29,54.37,326,17725
2026-01-02 09:31:30,54.37,274,14897
2026-01-02 09:31:31,54.37,272,14789
2026-01-02 09:31:32,54.37,277,15060
2026-01-02 09:31:33,54.37,241,13103
2026-01-02 09:31:34,54.37,293,15930
2026-01-02 09:31:35,54.37,257,13973
2026-01-02 09:31:36,54.37,295,16039
2026-01-02 09:31:37,54.37,264,14354
2026-01-02 09:31:38,54.37,253,13756
2026-01-02 09:31:39,54.37,257,13973
2026-01-02 09:31:40,54.37,295,16039
2026-01-02 09:31:41,54.37,251,13647
2026-01-02 09:31:42,54.37,284,15441
2026-01-02 09:31:43,54.37,289,15713
2026-01-02 09:31:44,54.37,258,14027
2026-01-02 09:31:45,54.37,239,12994
2026-01-02 09:31:46,54.37,278,15115
2026-01-02 09:31:47,54.37,297,16148
2026-01-02 09:31:48,54.37,259,14082
2026-01-02 09:31:49,54.37,264,14354
2026-01-02 09:31:50,54.37,246,13375
2026-01-02 09:31:51,54.37,272,14789
2026-01-02 09:31:52,54.37,284,15441
2026-01-02 09:31:53,54.37,277,15060
2026-01-02 09:31:54,54.37,271,14734
2026-01-02 09:31:55,54.37,259,14082
2026-01-02 09:31:56,54.37,268,14571
2026-01-02 09:31:57,54.37,279,15169
2026-01-02 09:31:58,54.37,286,15550
2026-01-02 09:31:59,54.37,290,15767
2026-01-02 09:32:00,54.37,273,14843
2026-01-02 09:32:01,54.37,259,14082
2026-01-02 09:32:02,54.37,282,15332
2026-01-02 09:32:03,54.37,260,14136
2026-01-02 09:32:04,54.37,279,15169
2026-01-02 09:32:05,54.37,279,15169
2026-01-02 09:32:06,54.37,267,14517
2026-01-02 09:32:07,54.37,277,15060
2026-01-02 09:32:08,54.37,292,15876
2026-01-02 09:32:09,54.37,276,15006
2026-01-02 09:32:10,54.37,282,15332
2026-01-02 09:32:11,54.37,266,14462
2026-01-02 09:32:12,54.37,287,15604
2026-01-02 09:32:13,54.37,264,14354
2026-01-02 09:32:14,54.37,249,13538
2026-01-02 09:32:15,54.37,263,14299
2026-01-02 09:32:16,54.37,275,14952
2026-01-02 09:32:17,54.37,282,15332
2026-01-02 09:32:18,54.37,259,14082
2026-01-02 09:32:19,54.37,269,14626
2026-01-02 09:32:20,54.37,288,15659
2026-01-02 09:32:21,54.37,268,14571
2026-01-02 09:32:22,54.37,274,14897
2026-01-02 09:32:23,54.37,286,15550
2026-01-02 09:32:24,54.37,270,14680
2026-01-02 09:32:25,54.37,271,14734
2026-01-02 09:32:26,54.37,300,16311
2026-01-02 09:32:27,54.37,276,15006
2026-01-02 09:32:28,54.37,279,15169
2026-01-02 09:32:29,54.37,257,13973
2026-01-02 09:32:30,54.37,298,16202
2026-01-02 09:32:31,54.37,285,15495
2026-01-02 09:32:32,54.37,273,14843
2026-01-02 09:32:33,54.37,273,14843
2026-01-02 09:32:34,54.37,276,15006
2026-01-02 09:32:35,54.37,271,14734
2026-01-02 09:32:36,54.37,295,16039
2026-01-02 09:32:37,54.37,269,14626
2026-01-02 09:32:38,54.37,253,13756
2026-01-02 09:32:39,54.37,299,16257
2026-01-02 09:32:40,54.37,294,15985
2026-01-02 09:32:41,54.37,284,15441
2026-01-02 09:32:42,54.37,278,15115
2026-01-02 09:32:43,54.37,290,15767
2026-01-02 09:32:44,54.37,269,14626
2026-01-02 09:32:45,54.37,269,14626
2026-01-02 09:32:46,54.37,241,13103
2026-01-02 09:32:47,54.37,234,12723
2026-01-02 09:32:48,54.37,291,15822
2026-01-02 09:32:49,54.37,292,15876
2026-01-02 09:32:50,54.37,274,14897
2026-01-02 09:32:51,54.37,246,13375
2026-01-02 09:32:52,54.37,275,14952
2026-01-02 09:32:53,54.37,275,14952
2026-01-02 09:32:54,54.37,261,14191
2026-01-02 09:32:55,54.37,259,14082
2026-01-02 09:32:56,54.37,264,14354
2026-01-02 09:32:57,54.37,262,14245
2026-01-02 09:32:58,54.37,258,14027
2026-01-02 09:32:59,54.37,260,14136
2026-01-02 09:33:00,54.37,289,15713
2026-01-02 09:33:01,54.37,300,16311
2026-01-02 09:33:02,54.37,263,14299
2026-01-02 09:33:03,54.37,278,15115
2026-01-02 09:33:04,54.37,247,13429
2026-01-02 09:33:05,54.37,253,13756
2026-01-02 09:33:06,54.37,258,14027
2026-01-02 09:33:07,54.37,284,15441
2026-01-02 09:33:08,54.37,258,14027
2026-01-02 09:33:09,54.37,268,14571
2026-01-02 09:33:10,54.37,293,15930
2026-01-02 09:33:11,54.37,305,16583
2026-01-02 09:33:12,54.37,242,13158
2026-01-02 09:33:13,54.37,274,14897
2026-01-02 09:33:14,54.37,264,14354
2026-01-02 09:33:15,54.37,252,13701
2026-01-02 09:33:16,54.37,268,14571
2026-01-02 09:33:17,54.37,256,13919
2026-01-02 09:33:18,54.37,231,12559
2026-01-02 09:33:19,54.37,240,13049
2026-01-02 09:33:20,54.37,259,14082
2026-01-02 09:33:21,54.37,295,16039
2026-01-02 09:33:22,54.37,282,15332
2026-01-02 09:33:23,54.37,296,16094
2026-01-02 09:33:24,54.37,261,14191
2026-01-02 09:33:25,54.37,254,13810
2026-01-02 09:33:26,54.37,279,15169
2026-01-02 09:33:27,54.37,252,13701
2026-01-02 09:33:28,54.37,261,14191
2026-01-02 09:33:29,54.37,256,13919
2026-01-02 09:33:30,54.37,243,13212
2026-01-02 09:33:31,54.37,260,14136
2026-01-02 09:33:32,54.37,246,13375
2026-01-02 09:33:33,54.37,282,15332
2026-01-02 09:33:34,54.37,231,12559
2026-01-02 09:33:35,54.37,264,14354
2026-01-02 09:33:36,54.37,263,14299
2026-01-02 09:33:37,54.37,247,13429
2026-01-02 09:33:38,54.37,249,13538
2026-01-02 09:33:39,54.37,282,15332
2026-01-02 09:33:40,54.37,267,14517
2026-01-02 09:33:41,54.37,256,13919
2026-01-02 09:33:42,54.37,247,13429
2026-01-02 09:33:43,54.37,249,13538
2026-01-02 09:33:44,54.37,269,14626
2026-01-02 09:33:45,54.37,284,15441
2026-01-02 09:33:46,54.37,265,14408
2026-01-02 09:33:47,54.37,260,14136
2026-01-02 09:33:48,54.37,265,14408
2026-01-02 09:33:49,54.37,258,14027
2026-01-02 09:33:50,54.37,255,13864
2026-01-02 09:33:51,54.37,269,14626
2026-01-02 09:33:52,54.37,243,13212
2026-01-02 09:33:53,54.37,277,15060
2026-01-02 09:33:54,54.37,284,15441
2026-01-02 09:33:55,54.37,272,14789
2026-01-02 09:33:56,54.37,268,14571
2026-01-02 09:33:57,54.37,256,13919
2026-01-02 09:33:58,54.37,290,15767
2026-01-02 09:33:59,54.37,268,14571
2026-01-02 09:34:00,54.37,265,14408
2026-01-02 09:34:01,54.37,262,14245
2026-01-02 09:34:02,54.37,275,14952
2026-01-02 09:34:03,54.37,253,13756
2026-01-02 09:34:04,54.37,265,14408
2026-01-02 09:34:05,54.37,283,15387
2026-01-02 09:34:06,54.37,250,13592
2026-01-02 09:34:07,54.37,266,14462
2026-01-02 09:34:08,54.37,260,14136
2026-01-02 09:34:09,54.37,266,14462
2026-01-02 09:34:10,54.37,267,14517
2026-01-02 09:34:11,54.37,266,14462
2026-01-02 09:34:12,54.37,252,13701
2026-01-02 09:34:13,54.37,263,14299
2026-01-02 09:34:14,54.37,271,14734
2026-01-02 09:34:15,54.37,268,14571
2026-01-02 09:34:16,54.37,278,15115
2026-01-02 09:34:17,54.37,265,14408
2026-01-02 09:34:18,54.37,250,13592
2026-01-02 09:34:19,54.37,258,14027
2026-01-02 09:34:20,54.37,248,13484
2026-01-02 09:34:21,54.37,264,14354
2026-01-02 09:34:22,54.37,245,13321
2026-01-02 09:34:23,54.37,274,14897
2026-01-02 09:34:24,54.37,287,15604
2026-01-02 09:34:25,54.37,238,12940
2026-01-02 09:34:26,54.37,263,14299
2026-01-02 09:34:27,54.37,298,16202
2026-01-02 09:34:28,54.37,269,14626
2026-01-02 09:34:29,54.37,238,12940
2026-01-02 09:34:30,54.37,242,13158
2026-01-02 09:34:31,54.37,290,15767
2026-01-02 09:34:32,54.37,240,13049
2026-01-02 09:34:33,54.37,290,15767
2026-01-02 09:34:34,54.37,260,14136
2026-01-02 09:34:35,54.37,252,13701
2026-01-02 09:34:36,54.37,240,13049
2026-01-02 09:34:37,54.37,255,13864
2026-01-02 09:34:38,54.37,253,13756
2026-01-02 09:34:39,54.37,261,14191
2026-01-02 09:34:40,54.37,252,13701
2026-01-02 09:34:41,54.37,281,15278
2026-01-02 09:34:42,54.37,268,14571
2026-01-02 09:34:43,54.37,274,14897
2026-01-02 09:34:44,54.37,298,16202
2026-01-02 09:34:45,54.37,277,15060
2026-01-02 09:34:46,54.37,275,14952
2026-01-02 09:34:47,54.37,274,14897
2026-01-02 09:34:48,54.37,263,14299
2026-01-02 09:34:49,54.37,250,13592
2026-01-02 09:34:50,54.37,275,14952
2026-01-02 09:34:51,54.37,257,13973
2026-01-02 09:34:52,54.37,252,13701
2026-01-02 09:34:53,54.37,279,15169
2026-01-02 09:34:54,54.37,274,14897
2026-01-02 09:34:55,54.37,242,13158
2026-01-02 09:34:56,54.37,276,15006
2026-01-02 09:34:57,54.37,276,15006
2026-01-02 09:34:58,54.37,281,15278
2026-01-02 09:34:59,54.37,261,14191
2026-01-02 09:35:00,54.37,246,13375
2026-01-02 09:35:01,54.37,247,13429
2026-01-02 09:35:02,54.37,274,14897
2026-01-02 09:35:03,54.37,294,15985
2026-01-02 09:35:04,54.37,270,14680
2026-01-02 09:35:05,54.37,265,14408
2026-01-02 09:35:06,54.37,250,13592
2026-01-02 09:35:07,54.37,258,14027
2026-01-02 09:35:08,54.37,273,14843
2026-01-02 09:35:09,54.37,273,14843
2026-01-02 09:35:10,54.37,255,13864
2026-01-02 09:35:11,54.37,262,14245
2026-01-02 09:35:12,54.37,221,12016
2026-01-02 09:35:13,54.37,269,14626
2026-01-02 09:35:14,54.37,292,15876
2026-01-02 09:35:15,54.37,241,13103
2026-01-02 09:35:16,54.37,302,16420
2026-01-02 09:35:17,54.37,259,14082
2026-01-02 09:35:18,54.37,246,13375
2026-01-02 09:35:19,54.37,262,14245
2026-01-02 09:35:20,54.37,245,13321
2026-01-02 09:35:21,54.37,274,14897
2026-01-02 09:35:22,54.37,268,14571
2026-01-02 09:35:23,54.37,260,14136
2026-01-02 09:35:24,54.37,250,13592
2026-01-02 09:35:25,54.37,275,14952
2026-01-02 09:35:26,54.37,254,13810
2026-01-02 09:35:27,54.37,277,15060
2026-01-02 09:35:28,54.37,292,15876
2026-01-02 09:35:29,54.37,248,13484
2026-01-02 09:35:30,54.37,259,14082
2026-01-02 09:35:31,54.37,274,14897
2026-01-02 09:35:32,54.37,269,14626
2026-01-02 09:35:33,54.37,236,12831
2026-01-02 09:35:34,54.37,290,15767
2026-01-02 09:35:35,54.37,249,13538
2026-01-02 09:35:36,54.37,233,12668
2026-01-02 09:35:37,54.37,265,14408
2026-01-02 09:35:38,54.37,271,14734
2026-01-02 09:35:39,54.37,289,15713
2026-01-02 09:35:40,54.37,253,13756
2026-01-02 09:35:41,54.37,246,13375
2026-01-02 09:35:42,54.37,266,14462
2026-01-02 09:35:43,54.37,273,14843
2026-01-02 09:35:44,54.37,259,14082
2026-01-02 09:35:45,54.37,270,14680
2026-01-02 09:35:46,54.37,222,12070
2026-01-02 09:35:47,54.37,251,13647
2026-01-02 09:35:48,54.37,252,13701
2026-01-02 09:35:49,54.37,288,15659
2026-01-02 09:35:50,54.37,253,13756
2026-01-02 09:35:51,54.37,245,13321
2026-01-02 09:35:52,54.37,242,13158
2026-01-02 09:35:53,54.37,270,14680
2026-01-02 09:35:54,54.37,264,14354
2026-01-02 09:35:55,54.37,251,13647
2026-01-02 09:35:56,54.37,254,13810
2026-01-02 09:35:57,54.37,230,12505
2026-01-02 09:35:58,54.37,244,13266
2026-01-02 09:35:59,54.37,230,12505
2026-01-02 09:36:00,54.37,239,12994
2026-01-02 09:36:01,54.37,217,11798
2026-01-02 09:36:02,54.37,265,14408
2026-01-02 09:36:03,54.37,260,14136
2026-01-02 09:36:04,54.37,242,13158
2026-01-02 09:36:05,54.37,265,14408
2026-01-02 09:36:06,54.37,280,15224
2026-01-02 09:36:07,54.37,277,15060
2026-01-02 09:36:08,54.37,264,14354
2026-01-02 09:36:09,54.37,245,13321
2026-01-02 09:36:10,54.37,231,12559
2026-01-02 09:36:11,54.37,268,14571
2026-01-02 09:36:12,54.37,259,14082
2026-01-02 09:36:13,54.37,253,13756
2026-01-02 09:36:14,54.37,223,12125
2026-01-02 09:36:15,54.37,243,13212
2026-01-02 09:36:16,54.37,236,12831
2026-01-02 09:36:17,54.37,249,13538
2026-01-02 09:36:18,54.37,230,12505
2026-01-02 09:36:19,54.37,259,14082
2026-01-02 09:36:20,54.37,254,13810
2026-01-02 09:36:21,54.37,242,13158
2026-01-02 09:36:22,54.37,239,12994
2026-01-02 09:36:23,54.37,253,13756
2026-01-02 09:36:24,54.37,238,12940
2026-01-02 09:36:25,54.37,245,13321
2026-01-02 09:36:26,54.37,251,13647
2026-01-02 09:36:27,54.37,255,13864
2026-01-02 09:36:28,54.37,253,13756
2026-01-02 09:36:29,54.37,259,14082
2026-01-02 09:36:30,54.37,245,13321
2026-01-02 09:36:31,54.37,259,14082
2026-01-02 09:36:32,54.37,259,14082
2026-01-02 09:36:33,54.37,251,13647
2026-01-02 09:36:34,54.37,270,14680
2026-01-02 09:36:35,54.37,263,14299
2026-01-02 09:36:36,54.37,250,13592
2026-01-02 09:36:37,54.37,256,13919
2026-01-02 09:36:38,54.37,243,13212
2026-01-02 09:36:39,54.37,206,11200
2026-01-02 09:36:40,54.37,268,14571
2026-01-02 09:36:41,54.37,257,13973
2026-01-02 09:36:42,54.37,276,15006
2026-01-02 09:36:43,54.37,283,15387
2026-01-02 09:36:44,54.37,270,14680
2026-01-02 09:36:45,54.37,244,13266
2026-01-02 09:36:46,54.37,243,13212
2026-01-02 09:36:47,54.37,251,13647
2026-01-02 09:36:48,54.37,285,15495
2026-01-02 09:36:49,54.37,260,14136
2026-01-02 09:36:50,54.37,261,14191
2026-01-02 09:36:51,54.37,250,13592
2026-01-02 09:36:52,54.37,271,14734
2026-01-02 09:36:53,54.37,252,13701
2026-01-02 09:36:54,54.37,237,12886
2026-01-02 09:36:55,54.37,292,15876
2026-01-02 09:36:56,54.37,272,14789
2026-01-02 09:36:57,54.37,231,12559
2026-01-02 09:36:58,54.15,264,14296
2026-01-02 09:36:59,53.79,246,13232
2026-01-02 09:37:00,53.49,244,13052
2026-01-02 09:37:01,53.32,251,13383
2026-01-02 09:37:02,53.32,268,14290
2026-01-02 09:37:03,53.81,264,14206
2026-01-02 09:37:04,54.01,256,13827
2026-01-02 09:37:05,54.37,220,11961
2026-01-02 09:37:06,53.94,236,12730
2026-01-02 09:37:07,53.95,258,13919
2026-01-02 09:37:08,53.92,270,14558
2026-01-02 09:37:09,53.88,269,14494
2026-01-02 09:37:10,54.36,236,12829
2026-01-02 09:37:11,54.37,232,12614
2026-01-02 09:37:12,54.37,257,13973
2026-01-02 09:37:13,54.37,257,13973
2026-01-02 09:37:14,54.29,272,14767
2026-01-02 09:37:15,54.37,251,13647
2026-01-02 09:37:16,54.26,247,13402
2026-01-02 09:37:17,54.19,261,14144
2026-01-02 09:37:18,54.32,263,14286
2026-01-02 09:37:19,54.28,266,14438
2026-01-02 09:37:20,53.79,257,13824
2026-01-02 09:37:21,53.73,217,11659
2026-01-02 09:37:22,53.68,265,14225
2026-01-02 09:37:23,53.70,246,13210
2026-01-02 09:37:24,53.54,281,15045
2026-01-02 09:37:25,53.32,263,14023
2026-01-02 09:37:26,53.32,276,14716
2026-01-02 09:37:27,53.32,256,13650
2026-01-02 09:37:28,53.32,236,12584
2026-01-02 09:37:29,53.32,257,13703
2026-01-02 09:37:30,53.32,258,13757
2026-01-02 09:37:31,53.32,263,14023
2026-01-02 09:37:32,53.32,237,12637
2026-01-02 09:37:33,53.32,241,12850
2026-01-02 09:37:34,53.32,247,13170
2026-01-02 09:37:35,53.32,272,14503
2026-01-02 09:37:36,53.32,252,13437
2026-01-02 09:37:37,53.32,254,13543
2026-01-02 09:37:38,53.32,254,13543
2026-01-02 09:37:39,53.32,248,13223
2026-01-02 09:37:40,53.32,209,11144
2026-01-02 09:37:41,53.32,243,12957
2026-01-02 09:37:42,53.32,250,13330
2026-01-02 09:37:43,53.32,238,12690
2026-01-02 09:37:44,53.32,270,14396
2026-01-02 09:37:45,53.32,250,13330
2026-01-02 09:37:46,53.32,240,12797
2026-01-02 09:37:47,53.32,262,13970
2026-01-02 09:37:48,53.32,255,13597
2026-01-02 09:37:49,53.32,263,14023
2026-01-02 09:37:50,53.32,276,14716
2026-01-02 09:37:51,53.32,257,13703
2026-01-02 09:37:52,53.32,226,12050
2026-01-02 09:37:53,53.32,259,13810
2026-01-02 09:37:54,53.32,257,13703
2026-01-02 09:37:55,53.32,239,12743
2026-01-02 09:37:56,53.32,256,13650
2026-01-02 09:37:57,53.32,236,12584
2026-01-02 09:37:58,53.32,263,14023
2026-01-02 09:37:59,53.32,305,16263
2026-01-02 09:38:00,53.32,256,13650
2026-01-02 09:38:01,53.32,250,13330
2026-01-02 09:38:02,53.32,276,14716
2026-01-02 09:38:03,53.32,266,14183
2026-01-02 09:38:04,53.32,239,12743
2026-01-02 09:38:05,53.32,241,12850
2026-01-02 09:38:06,53.32,280,14930
2026-01-02 09:38:07,53.32,251,13383
2026-01-02 09:38:08,53.32,289,15409
2026-01-02 09:38:09,53.32,225,11997
2026-01-02 09:38:10,53.32,233,12424
2026-01-02 09:38:11,53.32,251,13383
2026-01-02 09:38:12,53.32,260,13863
2026-01-02 09:38:13,53.42,286,15278
2026-01-02 09:38:14,53.57,261,13982
2026-01-02 09:38:15,53.87,283,15245
2026-01-02 09:38:16,53.49,222,11875
2026-01-02 09:38:17,53.75,265,14244
2026-01-02 09:38:18,53.91,235,12669
2026-01-02 09:38:19,53.88,256,13793
2026-01-02 09:38:20,53.54,242,12957
2026-01-02 09:38:21,53.32,282,15036
2026-01-02 09:38:22,53.32,249,13277
2026-01-02 09:38:23,53.32,246,13117
2026-01-02 09:38:24,53.32,249,13277
2026-01-02 09:38:25,53.32,243,12957
2026-01-02 09:38:26,53.32,261,13917
2026-01-02 09:38:27,53.32,244,13010
2026-01-02 09:38:28,53.32,226,12050
2026-01-02 09:38:29,53.32,275,14663
2026-01-02 09:38:30,53.32,232,12370
2026-01-02 09:38:31,53.32,260,13863
2026-01-02 09:38:32,53.32,255,13597
2026-01-02 09:38:33,53.32,210,11197
2026-01-02 09:38:34,53.32,253,13490
2026-01-02 09:38:35,53.32,248,13223
2026-01-02 09:38:36,53.32,254,13543
2026-01-02 09:38:37,53.32,266,14183
2026-01-02 09:38:38,53.32,266,14183
2026-01-02 09:38:39,53.32,214,11410
2026-01-02 09:38:40,53.32,285,15196
2026-01-02 09:38:41,53.32,260,13863
2026-01-02 09:38:42,53.32,238,12690
2026-01-02 09:38:43,53.32,264,14076
2026-01-02 09:38:44,53.32,213,11357
2026-01-02 09:38:45,53.32,273,14556
2026-01-02 09:38:46,53.32,241,12850
2026-01-02 09:38:47,53.32,265,14130
2026-01-02 09:38:48,53.32,252,13437
2026-01-02 09:38:49,53.32,257,13703
2026-01-02 09:38:50,53.32,291,15516
2026-01-02 09:38:51,53.32,274,14610
2026-01-02 09:38:52,53.32,231,12317
2026-01-02 09:38:53,53.32,233,12424
2026-01-02 09:38:54,53.32,236,12584
2026-01-02 09:38:55,53.32,255,13597
2026-01-02 09:38:56,53.32,255,13597
2026-01-02 09:38:57,53.32,250,13330
2026-01-02 09:38:58,53.32,265,14130
2026-01-02 09:38:59,53.32,269,14343
2026-01-02 09:39:00,53.32,260,13863
2026-01-02 09:39:01,53.32,249,13277
2026-01-02 09:39:02,53.32,242,12903
2026-01-02 09:39:03,53.32,241,12850
2026-01-02 09:39:04,53.32,217,11570
2026-01-02 09:39:05,53.32,237,12637
2026-01-02 09:39:06,53.32,249,13277
2026-01-02 09:39:07,53.32,257,13703
2026-01-02 09:39:08,53.32,263,14023
2026-01-02 09:39:09,53.32,239,12743
2026-01-02 09:39:10,53.32,249,13277
2026-01-02 09:39:11,53.32,236,12584
2026-01-02 09:39:12,53.32,268,14290
2026-01-02 09:39:13,53.32,246,13117
2026-01-02 09:39:14,53.32,276,14716
2026-01-02 09:39:15,53.32,244,13010
2026-01-02 09:39:16,53.32,259,13810
2026-01-02 09:39:17,53.32,271,14450
2026-01-02 09:39:18,53.32,277,14770
2026-01-02 09:39:19,53.32,275,14663
2026-01-02 09:39:20,53.32,266,14183
2026-01-02 09:39:21,53.32,258,13757
2026-01-02 09:39:22,53.32,245,13063
2026-01-02 09:39:23,53.32,226,12050
2026-01-02 09:39:24,53.32,219,11677
2026-01-02 09:39:25,53.32,274,14610
2026-01-02 09:39:26,53.32,251,13383
2026-01-02 09:39:27,53.32,249,13277
2026-01-02 09:39:28,53.32,285,15196
2026-01-02 09:39:29,53.32,259,13810
2026-01-02 09:39:30,53.32,232,12370
2026-01-02 09:39:31,53.32,245,13063
2026-01-02 09:39:32,53.32,260,13863
2026-01-02 09:39:33,53.32,257,13703
2026-01-02 09:39:34,53.32,264,14076
2026-01-02 09:39:35,53.32,285,15196
2026-01-02 09:39:36,53.32,237,12637
2026-01-02 09:39:37,53.32,248,13223
2026-01-02 09:39:38,53.32,234,12477
2026-01-02 09:39:39,53.32,242,12903
2026-01-02 09:39:40,53.32,235,12530
2026-01-02 09:39:41,53.32,228,12157
2026-01-02 09:39:42,53.32,252,13437
2026-01-02 09:39:43,53.32,226,12050
2026-01-02 09:39:44,53.32,241,12850
2026-01-02 09:39:45,53.32,272,14503
2026-01-02 09:39:46,53.32,245,13063
2026-01-02 09:39:47,53.32,252,13437
2026-01-02 09:39:48,53.32,230,12264
2026-01-02 09:39:49,53.32,261,13917
2026-01-02 09:39:50,53.32,277,14770
2026-01-02 09:39:51,53.32,232,12370
2026-01-02 09:39:52,53.32,258,13757
2026-01-02 09:39:53,53.32,256,13650
2026-01-02 09:39:54,53.32,259,13810
2026-01-02 09:39:55,53.32,243,12957
2026-01-02 09:39:56,53.32,224,11944
2026-01-02 09:39:57,53.32,241,12850
2026-01-02 09:39:58,53.32,253,13490
2026-01-02 09:39:59,53.32,229,12210
2026-01-02 09:40:00,53.32,235,12530
2026-01-02 09:40:01,53.32,257,13703
2026-01-02 09:40:02,53.32,220,11730
2026-01-02 09:40:03,53.32,241,12850
2026-01-02 09:40:04,53.32,252,13437
2026-01-02 09:40:05,53.32,246,13117
2026-01-02 09:40:06,53.32,267,14236
2026-01-02 09:40:07,53.32,248,13223
2026-01-02 09:40:08,53.32,251,13383
2026-01-02 09:40:09,53.32,243,12957
2026-01-02 09:40:10,53.32,232,12370
2026-01-02 09:40:11,53.32,259,13810
2026-01-02 09:40:12,53.32,258,13757
2026-01-02 09:40:13,53.32,248,13223
2026-01-02 09:40:14,53.32,233,12424
2026-01-02 09:40:15,53.32,263,14023
2026-01-02 09:40:16,53.32,246,13117
2026-01-02 09:40:17,53.32,238,12690
2026-01-02 09:40:18,53.32,229,12210
2026-01-02 09:40:19,53.32,252,13437
2026-01-02 09:40:20,53.32,239,12743
2026-01-02 09:40:21,53.32,249,13277
2026-01-02 09:40:22,53.32,249,13277
2026-01-02 09:40:23,53.32,243,12957
2026-01-02 09:40:24,53.32,266,14183
2026-01-02 09:40:25,53.32,252,13437
2026-01-02 09:40:26,53.32,249,13277
2026-01-02 09:40:27,53.32,235,12530
2026-01-02 09:40:28,53.32,266,14183
2026-01-02 09:40:29,53.32,240,12797
2026-01-02 09:40:30,53.32,252,13437
2026-01-02 09:40:31,53.32,277,14770
2026-01-02 09:40:32,53.32,241,12850
2026-01-02 09:40:33,53.32,245,13063
2026-01-02 09:40:34,53.32,239,12743
2026-01-02 09:40:35,53.32,268,14290
2026-01-02 09:40:36,53.32,274,14610
2026-01-02 09:40:37,53.32,259,13810
2026-01-02 09:40:38,53.32,257,13703
2026-01-02 09:40:39,53.32,245,13063
2026-01-02 09:40:40,53.32,237,12637
2026-01-02 09:40:41,53.32,253,13490
2026-01-02 09:40:42,53.32,237,12637
2026-01-02 09:40:43,53.32,241,12850
2026-01-02 09:40:44,53.32,268,14290
2026-01-02 09:40:45,53.32,258,13757
2026-01-02 09:40:46,53.32,208,11091
2026-01-02 09:40:47,53.32,253,13490
2026-01-02 09:40:48,53.32,262,13970
2026-01-02 09:40:49,53.32,251,13383
2026-01-02 09:40:50,53.32,234,12477
2026-01-02 09:40:51,53.32,261,13917
2026-01-02 09:40:52,53.32,262,13970
2026-01-02 09:40:53,53.32,271,14450
2026-01-02 09:40:54,53.32,223,11890
2026-01-02 09:40:55,53.32,234,12477
2026-01-02 09:40:56,53.32,252,13437
2026-01-02 09:40:57,53.32,243,12957
2026-01-02 09:40:58,53.32,251,13383
2026-01-02 09:40:59,53.32,236,12584
2026-01-02 09:41:00,53.32,230,12264
2026-01-02 09:41:01,53.32,250,13330
2026-01-02 09:41:02,53.32,272,14503
2026-01-02 09:41:03,53.32,224,11944
2026-01-02 09:41:04,53.32,231,12317
2026-01-02 09:41:05,53.32,232,12370
2026-01-02 09:41:06,53.32,249,13277
2026-01-02 09:41:07,53.32,257,13703
2026-01-02 09:41:08,53.32,235,12530
2026-01-02 09:41:09,53.32,251,13383
2026-01-02 09:41:10,53.32,229,12210
2026-01-02 09:41:11,53.32,245,13063
2026-01-02 09:41:12,53.32,242,12903
2026-01-02 09:41:13,53.32,231,12317
2026-01-02 09:41:14,53.32,248,13223
2026-01-02 09:41:15,53.32,282,15036
2026-01-02 09:41:16,53.32,219,11677
2026-01-02 09:41:17,53.32,244,13010
2026-01-02 09:41:18,53.32,272,14503
2026-01-02 09:41:19,53.32,249,13277
2026-01-02 09:41:20,53.32,252,13437
2026-01-02 09:41:21,53.32,269,14343
2026-01-02 09:41:22,53.32,259,13810
2026-01-02 09:41:23,53.32,230,12264
2026-01-02 09:41:24,53.32,262,13970
2026-01-02 09:41:25,53.32,249,13277
2026-01-02 09:41:26,53.32,227,12104
2026-01-02 09:41:27,53.32,272,14503
2026-01-02 09:41:28,53.32,249,13277
2026-01-02 09:41:29,53.32,244,13010
2026-01-02 09:41:30,53.32,238,12690
2026-01-02 09:41:31,53.32,234,12477
2026-01-02 09:41:32,53.32,267,14236
2026-01-02 09:41:33,53.32,236,12584
2026-01-02 09:41:34,53.32,250,13330
2026-01-02 09:41:35,53.32,271,14450
2026-01-02 09:41:36,53.32,228,12157
2026-01-02 09:41:37,53.32,220,11730
2026-01-02 09:41:38,53.32,258,13757
2026-01-02 09:41:39,53.32,253,13490
2026-01-02 09:41:40,53.32,245,13063
2026-01-02 09:41:41,53.32,230,12264
2026-01-02 09:41:42,53.32,230,12264
2026-01-02 09:41:43,53.32,244,13010
2026-01-02 09:41:44,53.32,216,11517
2026-01-02 09:41:45,53.32,248,13223
2026-01-02 09:41:46,53.32,242,12903
2026-01-02 09:41:47,53.32,263,14023
2026-01-02 09:41:48,53.32,267,14236
2026-01-02 09:41:49,53.32,269,14343
2026-01-02 09:41:50,53.32,243,12957
2026-01-02 09:41:51,53.32,285,15196
2026-01-02 09:41:52,53.32,248,13223
2026-01-02 09:41:53,53.32,271,14450
2026-01-02 09:41:54,53.32,267,14236
2026-01-02 09:41:55,53.32,260,13863
2026-01-02 09:41:56,53.32,219,11677
2026-01-02 09:41:57,53.32,251,13383
2026-01-02 09:41:58,53.32,255,13597
2026-01-02 09:41:59,53.32,247,13170
2026-01-02 09:42:00,53.32,221,11784
2026-01-02 09:42:01,53.32,265,14130
2026-01-02 09:42:02,53.32,216,11517
2026-01-02 09:42:03,53.32,242,12903
2026-01-02 09:42:04,53.32,275,14663
2026-01-02 09:42:05,53.32,261,13917
2026-01-02 09:42:06,53.32,238,12690
2026-01-02 09:42:07,53.32,237,12637
2026-01-02 09:42:08,53.32,219,11677
2026-01-02 09:42:09,53.32,234,12477
2026-01-02 09:42:10,53.32,247,13170
2026-01-02 09:42:11,53.32,220,11730
2026-01-02 09:42:12,53.32,243,12957
2026-01-02 09:42:13,53.32,233,12424
2026-01-02 09:42:14,53.32,224,11944
2026-01-02 09:42:15,53.32,209,11144
2026-01-02 09:42:16,53.32,249,13277
2026-01-02 09:42:17,53.32,221,11784
2026-01-02 09:42:18,53.32,230,12264
2026-01-02 09:42:19,53.32,232,12370
2026-01-02 09:42:20,53.32,225,11997
2026-01-02 09:42:21,53.32,258,13757
2026-01-02 09:42:22,53.32,256,13650
2026-01-02 09:42:23,53.32,253,13490
2026-01-02 09:42:24,53.32,246,13117
2026-01-02 09:42:25,53.32,242,12903
2026-01-02 09:42:26,53.32,243,12957
2026-01-02 09:42:27,53.32,250,13330
2026-01-02 09:42:28,53.32,275,14663
2026-01-02 09:42:29,53.32,249,13277
2026-01-02 09:42:30,53.32,240,12797
2026-01-02 09:42:31,53.32,205,10931
2026-01-02 09:42:32,53.32,242,12903
2026-01-02 09:42:33,53.32,233,12424
2026-01-02 09:42:34,53.32,228,12157
2026-01-02 09:42:35,53.32,241,12850
2026-01-02 09:42:36,53.32,214,11410
2026-01-02 09:42:37,53.32,238,12690
2026-01-02 09:42:38,53.32,253,13490
2026-01-02 09:42:39,53.32,251,13383
2026-01-02 09:42:40,53.32,236,12584
2026-01-02 09:42:41,53.32,249,13277
2026-01-02 09:42:42,53.32,260,13863
2026-01-02 09:42:43,53.32,285,15196
2026-01-02 09:42:44,53.32,235,12530
2026-01-02 09:42:45,53.32,220,11730
2026-01-02 09:42:46,53.32,254,13543
2026-01-02 09:42:47,53.32,265,14130
2026-01-02 09:42:48,53.32,244,13010
2026-01-02 09:42:49,53.32,242,12903
2026-01-02 09:42:50,53.32,197,10504
2026-01-02 09:42:51,53.32,212,11304
2026-01-02 09:42:52,53.32,247,13170
2026-01-02 09:42:53,53.32,234,12477
2026-01-02 09:42:54,53.32,238,12690
2026-01-02 09:42:55,53.32,250,13330
2026-01-02 09:42:56,53.32,264,14076
2026-01-02 09:42:57,53.32,266,14183
2026-01-02 09:42:58,53.32,248,13223
2026-01-02 09:42:59,53.32,239,12743
2026-01-02 09:43:00,53.32,209,11144
2026-01-02 09:43:01,53.32,226,12050
2026-01-02 09:43:02,53.32,254,13543
2026-01-02 09:43:03,53.32,254,13543
2026-01-02 09:43:04,53.32,241,12850
2026-01-02 09:43:05,53.32,239,12743
2026-01-02 09:43:06,53.32,214,11410
2026-01-02 09:43:07,53.32,240,12797
2026-01-02 09:43:08,53.32,252,13437
2026-01-02 09:43:09,53.32,238,12690
2026-01-02 09:43:10,53.32,248,13223
2026-01-02 09:43:11,53.32,235,12530
2026-01-02 09:43:12,53.32,275,14663
2026-01-02 09:43:13,53.32,268,14290
2026-01-02 09:43:14,53.32,242,12903
2026-01-02 09:43:15,53.32,233,12424
2026-01-02 09:43:16,53.32,241,12850
2026-01-02 09:43:17,53.32,247,13170
2026-01-02 09:43:18,53.32,226,12050
2026-01-02 09:43:19,53.32,202,10771
2026-01-02 09:43:20,53.32,270,14396
2026-01-02 09:43:21,53.32,245,13063
2026-01-02 09:43:22,53.32,245,13063
2026-01-02 09:43:23,53.32,251,13383
2026-01-02 09:43:24,53.32,259,13810
2026-01-02 09:43:25,53.32,230,12264
2026-01-02 09:43:26,53.32,250,13330
2026-01-02 09:43:27,53.32,219,11677
2026-01-02 09:43:28,53.32,229,12210
2026-01-02 09:43:29,53.32,251,13383
2026-01-02 09:43:30,53.32,251,13383
2026-01-02 09:43:31,53.32,212,11304
2026-01-02 09:43:32,53.32,259,13810
2026-01-02 09:43:33,53.32,234,12477
2026-01-02 09:43:34,53.32,248,13223
2026-01-02 09:43:35,53.32,225,11997
2026-01-02 09:43:36,53.32,248,13223
2026-01-02 09:43:37,53.32,244,13010
2026-01-02 09:43:38,53.32,275,14663
2026-01-02 09:43:39,53.32,226,12050
2026-01-02 09:43:40,53.32,239,12743
2026-01-02 09:43:41,53.32,235,12530
2026-01-02 09:43:42,53.32,197,10504
2026-01-02 09:43:43,53.32,209,11144
2026-01-02 09:43:44,53.32,256,13650
2026-01-02 09:43:45,53.32,245,13063
2026-01-02 09:43:46,53.32,240,12797
2026-01-02 09:43:47,53.32,254,13543
2026-01-02 09:43:48,53.32,240,12797
2026-01-02 09:43:49,53.32,208,11091
2026-01-02 09:43:50,53.32,250,13330
2026-01-02 09:43:51,53.32,241,12850
2026-01-02 09:43:52,53.32,236,12584
2026-01-02 09:43:53,53.32,220,11730
2026-01-02 09:43:54,53.32,251,13383
2026-01-02 09:43:55,53.32,251,13383
2026-01-02 09:43:56,53.32,248,13223
2026-01-02 09:43:57,53.32,212,11304
2026-01-02 09:43:58,53.32,224,11944
2026-01-02 09:43:59,53.32,269,14343
2026-01-02 09:44:00,53.32,244,13010
2026-01-02 09:44:01,53.32,227,12104
2026-01-02 09:44:02,53.32,208,11091
2026-01-02 09:44:03,53.32,213,11357
2026-01-02 09:44:04,53.32,267,14236
2026-01-02 09:44:05,53.32,216,11517
2026-01-02 09:44:06,53.32,250,13330
2026-01-02 09:44:07,53.32,230,12264
2026-01-02 09:44:08,53.32,218,11624
2026-01-02 09:44:09,53.32,248,13223
2026-01-02 09:44:10,53.32,251,13383
2026-01-02 09:44:11,53.32,242,12903
2026-01-02 09:44:12,53.32,195,10397
2026-01-02 09:44:13,53.32,255,13597
2026-01-02 09:44:14,53.32,242,12903
2026-01-02 09:44:15,53.32,243,12957
2026-01-02 09:44:16,53.32,217,11570
2026-01-02 09:44:17,53.32,203,10824
2026-01-02 09:44:18,53.32,223,11890
2026-01-02 09:44:19,53.32,238,12690
2026-01-02 09:44:20,53.32,246,13117
2026-01-02 09:44:21,53.32,247,13170
2026-01-02 09:44:22,53.32,244,13010
2026-01-02 09:44:23,53.32,236,12584
2026-01-02 09:44:24,53.32,239,12743
2026-01-02 09:44:25,53.32,222,11837
2026-01-02 09:44:26,53.32,219,11677
2026-01-02 09:44:27,53.32,256,13650
2026-01-02 09:44:28,53.32,248,13223
2026-01-02 09:44:29,53.32,209,11144
2026-01-02 09:44:30,53.32,254,13543
2026-01-02 09:44:31,53.32,226,12050
2026-01-02 09:44:32,53.32,251,13383
2026-01-02 09:44:33,53.32,235,12530
2026-01-02 09:44:34,53.32,238,12690
2026-01-02 09:44:35,53.32,246,13117
2026-01-02 09:44:36,53.32,256,13650
2026-01-02 09:44:37,53.32,258,13757
2026-01-02 09:44:38,53.32,228,12157
2026-01-02 09:44:39,53.32,232,12370
2026-01-02 09:44:40,53.32,226,12050
2026-01-02 09:44:41,53.32,241,12850
2026-01-02 09:44:42,53.32,248,13223
2026-01-02 09:44:43,53.32,226,12050
2026-01-02 09:44:44,53.32,240,12797
2026-01-02 09:44:45,53.32,253,13490
2026-01-02 09:44:46,53.32,230,12264
2026-01-02 09:44:47,53.32,218,11624
2026-01-02 09:44:48,53.32,233,12424
2026-01-02 09:44:49,53.32,255,13597
2026-01-02 09:44:50,53.32,238,12690
2026-01-02 09:44:51,53.32,229,12210
2026-01-02 09:44:52,53.32,236,12584
2026-01-02 09:44:53,53.32,237,12637
2026-01-02 09:44:54,53.32,234,12477
2026-01-02 09:44:55,53.32,243,12957
2026-01-02 09:44:56,53.32,233,12424
2026-01-02 09:44:57,53.32,247,13170
2026-01-02 09:44:58,53.32,231,12317
2026-01-02 09:44:59,53.32,242,12903
2026-01-02 09:45:00,53.32,214,11410
2026-01-02 09:45:01,53.32,247,13170
2026-01-02 09:45:02,53.32,252,13437
2026-01-02 09:45:03,53.32,249,13277
2026-01-02 09:45:04,53.32,227,12104
2026-01-02 09:45:05,53.32,242,12903
2026-01-02 09:45:06,53.32,215,11464
2026-01-02 09:45:07,53.32,248,13223
2026-01-02 09:45:08,53.32,240,12797
2026-01-02 09:45:09,53.32,242,12903
2026-01-02 09:45:10,53.32,269,14343
2026-01-02 09:45:11,53.32,236,12584
2026-01-02 09:45:12,53.32,234,12477
2026-01-02 09:45:13,53.32,242,12903
2026-01-02 09:45:14,53.32,237,12637
2026-01-02 09:45:15,53.32,227,12104
2026-01-02 09:45:16,53.32,229,12210
2026-01-02 09:45:17,53.32,226,12050
2026-01-02 09:45:18,53.32,248,13223
2026-01-02 09:45:19,53.32,245,13063
2026-01-02 09:45:20,53.32,247,13170
2026-01-02 09:45:21,53.32,255,13597
2026-01-02 09:45:22,53.32,257,13703
2026-01-02 09:45:23,53.32,225,11997
2026-01-02 09:45:24,53.32,233,12424
2026-01-02 09:45:25,53.32,237,12637
2026-01-02 09:45:26,53.32,234,12477
2026-01-02 09:45:27,53.32,238,12690
2026-01-02 09:45:28,53.32,233,12424
2026-01-02 09:45:29,53.32,246,13117
2026-01-02 09:45:30,53.32,243,12957
2026-01-02 09:45:31,53.32,205,10931
2026-01-02 09:45:32,53.32,244,13010
2026-01-02 09:45:33,53.32,228,12157
2026-01-02 09:45:34,53.32,222,11837
2026-01-02 09:45:35,53.32,235,12530
2026-01-02 09:45:36,53.32,234,12477
2026-01-02 09:45:37,53.32,221,11784
2026-01-02 09:45:38,53.32,240,12797
2026-01-02 09:45:39,53.32,225,11997
2026-01-02 09:45:40,53.32,247,13170
2026-01-02 09:45:41,53.32,217,11570
2026-01-02 09:45:42,53.32,212,11304
2026-01-02 09:45:43,53.32,224,11944
2026-01-02 09:45:44,53.32,217,11570
2026-01-02 09:45:45,53.32,249,13277
2026-01-02 09:45:46,53.32,240,12797
2026-01-02 09:45:47,53.32,233,12424
2026-01-02 09:45:48,53.32,255,13597
2026-01-02 09:45:49,53.32,235,12530
2026-01-02 09:45:50,53.32,230,12264
2026-01-02 09:45:51,53.32,247,13170
2026-01-02 09:45:52,53.32,232,12370
2026-01-02 09:45:53,53.32,226,12050
2026-01-02 09:45:54,53.32,248,13223
2026-01-02 09:45:55,53.32,257,13703
2026-01-02 09:45:56,53.32,248,13223
2026-01-02 09:45:57,53.32,233,12424
2026-01-02 09:45:58,53.32,243,12957
2026-01-02 09:45:59,53.32,244,13010
2026-01-02 09:46:00,53.32,219,11677
2026-01-02 09:46:01,53.32,243,12957
2026-01-02 09:46:02,53.32,210,11197
2026-01-02 09:46:03,53.32,235,12530
2026-01-02 09:46:04,53.32,234,12477
2026-01-02 09:46:05,53.32,248,13223
2026-01-02 09:46:06,53.32,249,13277
2026-01-02 09:46:07,53.32,242,12903
2026-01-02 09:46:08,53.32,221,11784
2026-01-02 09:46:09,53.32,202,10771
2026-01-02 09:46:10,53.32,197,10504
2026-01-02 09:46:11,53.32,242,12903
2026-01-02 09:46:12,53.32,251,13383
2026-01-02 09:46:13,53.32,235,12530
2026-01-02 09:46:14,53.32,244,13010
2026-01-02 09:46:15,53.32,240,12797
2026-01-02 09:46:16,53.32,234,12477
2026-01-02 09:46:17,53.32,253,13490
2026-01-02 09:46:18,53.32,232,12370
2026-01-02 09:46:19,53.32,232,12370
2026-01-02 09:46:20,53.32,229,12210
2026-01-02 09:46:21,53.32,255,13597
2026-01-02 09:46:22,53.32,248,13223
2026-01-02 09:46:23,53.32,219,11677
2026-01-02 09:46:24,53.32,228,12157
2026-01-02 09:46:25,53.32,218,11624
2026-01-02 09:46:26,53.32,240,12797
2026-01-02 09:46:27,53.32,227,12104
2026-01-02 09:46:28,53.32,210,11197
2026-01-02 09:46:29,53.32,232,12370
2026-01-02 09:46:30,53.32,214,11410
2026-01-02 09:46:31,53.32,239,12743
2026-01-02 09:46:32,53.32,219,11677
2026-01-02 09:46:33,53.32,257,13703
2026-01-02 09:46:34,53.32,240,12797
2026-01-02 09:46:35,53.32,225,11997
2026-01-02 09:46:36,53.32,210,11197
2026-01-02 09:46:37,53.32,229,12210
2026-01-02 09:46:38,53.32,223,11890
2026-01-02 09:46:39,53.32,214,11410
2026-01-02 09:46:40,53.32,223,11890
2026-01-02 09:46:41,53.32,227,12104
2026-01-02 09:46:42,53.32,218,11624
2026-01-02 09:46:43,53.32,232,12370
2026-01-02 09:46:44,53.32,238,12690
2026-01-02 09:46:45,53.32,222,11837
2026-01-02 09:46:46,53.32,219,11677
2026-01-02 09:46:47,53.32,251,13383
2026-01-02 09:46:48,53.32,231,12317
2026-01-02 09:46:49,53.32,234,12477
2026-01-02 09:46:50,53.32,225,11997
2026-01-02 09:46:51,53.32,219,11677
2026-01-02 09:46:52,53.32,236,12584
2026-01-02 09:46:53,53.32,222,11837
2026-01-02 09:46:54,53.32,218,11624
2026-01-02 09:46:55,53.32,227,12104
2026-01-02 09:46:56,53.32,238,12690
2026-01-02 09:46:57,53.32,224,11944
2026-01-02 09:46:58,53.32,241,12850
2026-01-02 09:46:59,53.32,220,11730
2026-01-02 09:47:00,53.32,237,12637
2026-01-02 09:47:01,53.32,241,12850
2026-01-02 09:47:02,53.32,229,12210
2026-01-02 09:47:03,53.32,226,12050
2026-01-02 09:47:04,53.32,257,13703
2026-01-02 09:47:05,53.32,246,13117
2026-01-02 09:47:06,53.32,241,12850
2026-01-02 09:47:07,53.32,218,11624
2026-01-02 09:47:08,53.32,214,11410
2026-01-02 09:47:09,53.32,247,13170
2026-01-02 09:47:10,53.32,273,14556
2026-01-02 09:47:11,53.32,252,13437
2026-01-02 09:47:12,53.32,234,12477
2026-01-02 09:47:13,53.32,222,11837
2026-01-02 09:47:14,53.32,230,12264
2026-01-02 09:47:15,53.32,231,12317
2026-01-02 09:47:16,53.32,219,11677
2026-01-02 09:47:17,53.32,238,12690
2026-01-02 09:47:18,53.32,249,13277
2026-01-02 09:47:19,53.32,218,11624
2026-01-02 09:47:20,53.32,260,13863
2026-01-02 09:47:21,53.32,239,12743
2026-01-02 09:47:22,53.32,230,12264
2026-01-02 09:47:23,53.32,218,11624
2026-01-02 09:47:24,53.32,245,13063
2026-01-02 09:47:25,53.32,240,12797
2026-01-02 09:47:26,53.32,211,11251
2026-01-02 09:47:27,53.32,219,11677
2026-01-02 09:47:28,53.32,245,13063
2026-01-02 09:47:29,53.32,248,13223
2026-01-02 09:47:30,53.32,259,13810
2026-01-02 09:47:31,53.32,229,12210
2026-01-02 09:47:32,53.32,233,12424
2026-01-02 09:47:33,53.32,229,12210
2026-01-02 09:47:34,53.32,232,12370
2026-01-02 09:47:35,53.32,240,12797
2026-01-02 09:47:36,53.32,208,11091
2026-01-02 09:47:37,53.32,230,12264
2026-01-02 09:47:38,53.32,239,12743
2026-01-02 09:47:39,53.32,224,11944
2026-01-02 09:47:40,53.32,225,11997
2026-01-02 09:47:41,53.32,216,11517
2026-01-02 09:47:42,53.32,237,12637
2026-01-02 09:47:43,53.32,217,11570
2026-01-02 09:47:44,53.32,228,12157
2026-01-02 09:47:45,53.32,242,12903
2026-01-02 09:47:46,53.32,213,11357
2026-01-02 09:47:47,53.32,242,12903
2026-01-02 09:47:48,53.32,232,12370
2026-01-02 09:47:49,53.32,220,11730
2026-01-02 09:47:50,53.32,209,11144
2026-01-02 09:47:51,53.32,212,11304
2026-01-02 09:47:52,53.32,207,11037
2026-01-02 09:47:53,53.32,212,11304
2026-01-02 09:47:54,53.32,222,11837
2026-01-02 09:47:55,53.32,256,13650
2026-01-02 09:47:56,53.32,233,12424
2026-01-02 09:47:57,53.32,237,12637
2026-01-02 09:47:58,53.32,236,12584
2026-01-02 09:47:59,53.32,216,11517
2026-01-02 09:48:00,53.32,225,11997
2026-01-02 09:48:01,53.32,202,10771
2026-01-02 09:48:02,53.32,240,12797
2026-01-02 09:48:03,53.32,220,11730
2026-01-02 09:48:04,53.32,221,11784
2026-01-02 09:48:05,53.32,226,12050
2026-01-02 09:48:06,53.32,236,12584
2026-01-02 09:48:07,53.32,237,12637
2026-01-02 09:48:08,53.32,234,12477
2026-01-02 09:48:09,53.32,176,9384
2026-01-02 09:48:10,53.32,236,12584
2026-01-02 09:48:11,53.32,224,11944
2026-01-02 09:48:12,53.32,220,11730
2026-01-02 09:48:13,53.32,238,12690
2026-01-02 09:48:14,53.32,211,11251
2026-01-02 09:48:15,53.32,231,12317
2026-01-02 09:48:16,53.32,223,11890
2026-01-02 09:48:17,53.32,226,12050
2026-01-02 09:48:18,53.32,215,11464
2026-01-02 09:48:19,53.32,220,11730
2026-01-02 09:48:20,53.32,236,12584
2026-01-02 09:48:21,53.32,208,11091
2026-01-02 09:48:22,53.32,238,12690
2026-01-02 09:48:23,53.32,227,12104
2026-01-02 09:48:24,53.32,232,12370
2026-01-02 09:48:25,53.32,234,12477
2026-01-02 09:48:26,53.32,212,11304
2026-01-02 09:48:27,53.32,230,12264
2026-01-02 09:48:28,53.32,203,10824
2026-01-02 09:48:29,53.32,221,11784
2026-01-02 09:48:30,53.32,205,10931
2026-01-02 09:48:31,53.32,239,12743
2026-01-02 09:48:32,53.32,243,12957
2026-01-02 09:48:33,53.32,230,12264
2026-01-02 09:48:34,53.32,228,12157
2026-01-02 09:48:35,53.32,236,12584
2026-01-02 09:48:36,53.32,230,12264
2026-01-02 09:48:37,53.32,237,12637
2026-01-02 09:48:38,53.32,240,12797
2026-01-02 09:48:39,53.32,232,12370
2026-01-02 09:48:40,53.32,203,10824
2026-01-02 09:48:41,53.32,207,11037
2026-01-02 09:48:42,53.32,257,13703
2026-01-02 09:48:43,53.32,203,10824
2026-01-02 09:48:44,53.32,215,11464
2026-01-02 09:48:45,53.32,236,12584
2026-01-02 09:48:46,53.32,207,11037
2026-01-02 09:48:47,53.32,226,12050
2026-01-02 09:48:48,53.32,225,11997
2026-01-02 09:48:49,53.32,229,12210
2026-01-02 09:48:50,53.32,225,11997
2026-01-02 09:48:51,53.32,234,12477
2026-01-02 09:48:52,53.32,231,12317
2026-01-02 09:48:53,53.32,214,11410
2026-01-02 09:48:54,53.32,238,12690
2026-01-02 09:48:55,53.32,238,12690
2026-01-02 09:48:56,53.32,218,11624
2026-01-02 09:48:57,53.32,239,12743
2026-01-02 09:48:58,53.32,229,12210
2026-01-02 09:48:59,53.32,227,12104
2026-01-02 09:49:00,53.32,224,11944
2026-01-02 09:49:01,53.32,208,11091
2026-01-02 09:49:02,53.32,219,11677
2026-01-02 09:49:03,53.32,218,11624
2026-01-02 09:49:04,53.32,206,10984
2026-01-02 09:49:05,53.32,212,11304
2026-01-02 09:49:06,53.32,212,11304
2026-01-02 09:49:07,53.32,251,13383
2026-01-02 09:49:08,53.32,206,10984
2026-01-02 09:49:09,53.32,245,13063
2026-01-02 09:49:10,53.32,236,12584
2026-01-02 09:49:11,53.32,206,10984
2026-01-02 09:49:12,53.32,241,12850
2026-01-02 09:49:13,53.32,226,12050
2026-01-02 09:49:14,53.32,233,12424
2026-01-02 09:49:15,53.32,203,10824
2026-01-02 09:49:16,53.32,208,11091
2026-01-02 09:49:17,53.32,233,12424
2026-01-02 09:49:18,53.32,212,11304
2026-01-02 09:49:19,53.32,236,12584
2026-01-02 09:49:20,53.32,225,11997
2026-01-02 09:49:21,53.32,212,11304
2026-01-02 09:49:22,53.32,208,11091
2026-01-02 09:49:23,53.32,195,10397
2026-01-02 09:49:24,53.32,211,11251
2026-01-02 09:49:25,53.32,228,12157
2026-01-02 09:49:26,53.32,225,11997
2026-01-02 09:49:27,53.32,246,13117
2026-01-02 09:49:28,53.32,212,11304
2026-01-02 09:49:29,53.32,224,11944
2026-01-02 09:49:30,53.32,213,11357
2026-01-02 09:49:31,53.32,230,12264
2026-01-02 09:49:32,53.32,231,12317
2026-01-02 09:49:33,53.32,224,11944
2026-01-02 09:49:34,53.32,239,12743
2026-01-02 09:49:35,53.32,243,12957
2026-01-02 09:49:36,53.32,264,14076
2026-01-02 09:49:37,53.32,233,12424
2026-01-02 09:49:38,53.32,247,13170
2026-01-02 09:49:39,53.32,222,11837
2026-01-02 09:49:40,53.32,205,10931
2026-01-02 09:49:41,53.32,233,12424
2026-01-02 09:49:42,53.32,217,11570
2026-01-02 09:49:43,53.32,213,11357
2026-01-02 09:49:44,53.32,254,13543
2026-01-02 09:49:45,53.32,228,12157
2026-01-02 09:49:46,53.32,229,12210
2026-01-02 09:49:47,53.32,206,10984
2026-01-02 09:49:48,53.32,239,12743
2026-01-02 09:49:49,53.32,214,11410
2026-01-02 09:49:50,53.32,220,11730
2026-01-02 09:49:51,53.32,208,11091
2026-01-02 09:49:52,53.32,243,12957
2026-01-02 09:49:53,53.32,241,12850
2026-01-02 09:49:54,53.32,239,12743
2026-01-02 09:49:55,53.32,236,12584
2026-01-02 09:49:56,53.32,203,10824
2026-01-02 09:49:57,53.32,228,12157
2026-01-02 09:49:58,53.32,224,11944
2026-01-02 09:49:59,53.32,230,12264
2026-01-02 09:50:00,53.32,236,12584
2026-01-02 09:50:01,53.32,236,12584
2026-01-02 09:50:02,53.32,234,12477
2026-01-02 09:50:03,53.32,230,12264
2026-01-02 09:50:04,53.32,211,11251
2026-01-02 09:50:05,53.32,251,13383
2026-01-02 09:50:06,53.32,222,11837
2026-01-02 09:50:07,53.32,210,11197
2026-01-02 09:50:08,53.32,248,13223
2026-01-02 09:50:09,53.32,217,11570
2026-01-02 09:50:10,53.32,218,11624
2026-01-02 09:50:11,53.32,226,12050
2026-01-02 09:50:12,53.32,191,10184
2026-01-02 09:50:13,53.32,220,11730
2026-01-02 09:50:14,53.32,218,11624
2026-01-02 09:50:15,53.32,266,14183
2026-01-02 09:50:16,53.32,190,10131
2026-01-02 09:50:17,53.32,219,11677
2026-01-02 09:50:18,53.32,232,12370
2026-01-02 09:50:19,53.32,231,12317
2026-01-02 09:50:20,53.32,212,11304
2026-01-02 09:50:21,53.32,220,11730
2026-01-02 09:50:22,53.32,210,11197
2026-01-02 09:50:23,53.32,223,11890
2026-01-02 09:50:24,53.32,230,12264
2026-01-02 09:50:25,53.32,203,10824
2026-01-02 09:50:26,53.32,227,12104
2026-01-02 09:50:27,53.32,228,12157
2026-01-02 09:50:28,53.32,225,11997
2026-01-02 09:50:29,53.32,214,11410
2026-01-02 09:50:30,53.32,207,11037
2026-01-02 09:50:31,53.32,168,8958
2026-01-02 09:50:32,53.32,210,11197
2026-01-02 09:50:33,53.32,220,11730
2026-01-02 09:50:34,53.32,214,11410
2026-01-02 09:50:35,53.32,214,11410
2026-01-02 09:50:36,53.32,245,13063
2026-01-02 09:50:37,53.32,220,11730
2026-01-02 09:50:38,53.32,194,10344
2026-01-02 09:50:39,53.32,227,12104
2026-01-02 09:50:40,53.32,237,12637
2026-01-02 09:50:41,53.32,218,11624
2026-01-02 09:50:42,53.32,210,11197
2026-01-02 09:50:43,53.32,249,13277
2026-01-02 09:50:44,53.32,214,11410
2026-01-02 09:50:45,53.32,202,10771
2026-01-02 09:50:46,53.32,245,13063
2026-01-02 09:50:47,53.32,217,11570
2026-01-02 09:50:48,53.32,210,11197
2026-01-02 09:50:49,53.32,193,10291
2026-01-02 09:50:50,53.32,231,12317
2026-01-02 09:50:51,53.32,220,11730
2026-01-02 09:50:52,53.32,239,12743
2026-01-02 09:50:53,53.32,213,11357
2026-01-02 09:50:54,53.32,207,11037
2026-01-02 09:50:55,53.32,233,12424
2026-01-02 09:50:56,53.32,249,13277
2026-01-02 09:50:57,53.32,230,12264
2026-01-02 09:50:58,53.32,211,11251
2026-01-02 09:50:59,53.32,237,12637
2026-01-02 09:51:00,53.32,227,12104
2026-01-02 09:51:01,53.32,231,12317
2026-01-02 09:51:02,53.32,202,10771
2026-01-02 09:51:03,53.32,196,10451
2026-01-02 09:51:04,53.32,231,12317
2026-01-02 09:51:05,53.32,201,10717
2026-01-02 09:51:06,53.32,223,11890
2026-01-02 09:51:07,53.32,233,12424
2026-01-02 09:51:08,53.32,216,11517
2026-01-02 09:51:09,53.32,205,10931
2026-01-02 09:51:10,53.32,219,11677
2026-01-02 09:51:11,53.32,194,10344
2026-01-02 09:51:12,53.32,210,11197
2026-01-02 09:51:13,53.32,232,12370
2026-01-02 09:51:14,53.32,218,11624
2026-01-02 09:51:15,53.32,238,12690
2026-01-02 09:51:16,53.32,193,10291
2026-01-02 09:51:17,53.32,216,11517
2026-01-02 09:51:18,53.32,218,11624
2026-01-02 09:51:19,53.32,220,11730
2026-01-02 09:51:20,53.32,226,12050
2026-01-02 09:51:21,53.32,240,12797
2026-01-02 09:51:22,53.32,208,11091
2026-01-02 09:51:23,53.32,207,11037
2026-01-02 09:51:24,53.32,216,11517
2026-01-02 09:51:25,53.32,216,11517
2026-01-02 09:51:26,53.32,205,10931
2026-01-02 09:51:27,53.32,223,11890
2026-01-02 09:51:28,53.32,216,11517
2026-01-02 09:51:29,53.32,185,9864
2026-01-02 09:51:30,53.32,217,11570
2026-01-02 09:51:31,53.32,237,12637
2026-01-02 09:51:32,53.32,231,12317
2026-01-02 09:51:33,53.32,230,12264
2026-01-02 09:51:34,53.32,238,12690
2026-01-02 09:51:35,53.32,221,11784
2026-01-02 09:51:36,53.32,246,13117
2026-01-02 09:51:37,53.32,224,11944
2026-01-02 09:51:38,53.32,212,11304
2026-01-02 09:51:39,53.32,212,11304
2026-01-02 09:51:40,53.32,223,11890
2026-01-02 09:51:41,53.32,234,12477
2026-01-02 09:51:42,53.32,203,10824
2026-01-02 09:51:43,53.32,223,11890
2026-01-02 09:51:44,53.32,189,10077
2026-01-02 09:51:45,53.32,231,12317
2026-01-02 09:51:46,53.32,224,11944
2026-01-02 09:51:47,53.32,227,12104
2026-01-02 09:51:48,53.32,226,12050
2026-01-02 09:51:49,53.32,235,12530
2026-01-02 09:51:50,53.32,198,10557
2026-01-02 09:51:51,53.32,192,10237
2026-01-02 09:51:52,53.32,215,11464
2026-01-02 09:51:53,53.32,202,10771
2026-01-02 09:51:54,53.32,200,10664
2026-01-02 09:51:55,53.32,209,11144
2026-01-02 09:51:56,53.32,197,10504
2026-01-02 09:51:57,53.32,205,10931
2026-01-02 09:51:58,53.32,206,10984
2026-01-02 09:51:59,53.32,217,11570
2026-01-02 09:52:00,53.32,219,11677
2026-01-02 09:52:01,53.32,212,11304
2026-01-02 09:52:02,53.32,217,11570
2026-01-02 09:52:03,53.32,228,12157
2026-01-02 09:52:04,53.32,206,10984
2026-01-02 09:52:05,53.32,222,11837
2026-01-02 09:52:06,53.32,215,11464
2026-01-02 09:52:07,53.32,239,12743
2026-01-02 09:52:08,53.32,249,13277
2026-01-02 09:52:09,53.32,235,12530
2026-01-02 09:52:10,53.32,227,12104
2026-01-02 09:52:11,53.32,221,11784
2026-01-02 09:52:12,53.32,229,12210
2026-01-02 09:52:13,53.32,208,11091
2026-01-02 09:52:14,53.32,197,10504
2026-01-02 09:52:15,53.32,216,11517
2026-01-02 09:52:16,53.32,211,11251
2026-01-02 09:52:17,53.32,230,12264
2026-01-02 09:52:18,53.32,204,10877
2026-01-02 09:52:19,53.32,216,11517
2026-01-02 09:52:20,53.32,228,12157
2026-01-02 09:52:21,53.32,227,12104
2026-01-02 09:52:22,53.32,225,11997
2026-01-02 09:52:23,53.32,236,12584
2026-01-02 09:52:24,53.32,194,10344
2026-01-02 09:52:25,53.32,215,11464
2026-01-02 09:52:26,53.32,220,11730
2026-01-02 09:52:27,53.32,215,11464
2026-01-02 09:52:28,53.32,203,10824
2026-01-02 09:52:29,53.32,217,11570
2026-01-02 09:52:30,53.32,232,12370
2026-01-02 09:52:31,53.54,217,11618
2026-01-02 09:52:32,53.79,220,11834
2026-01-02 09:52:33,53.78,188,10111
2026-01-02 09:52:34,53.64,176,9441
2026-01-02 09:52:35,53.68,241,12937
2026-01-02 09:52:36,53.87,203,10936
2026-01-02 09:52:37,54.04,219,11835
2026-01-02 09:52:38,54.37,210,11418
2026-01-02 09:52:39,54.37,225,12233
2026-01-02 09:52:40,54.29,207,11238
2026-01-02 09:52:41,54.33,206,11192
2026-01-02 09:52:42,54.31,208,11296
2026-01-02 09:52:43,54.18,206,11161
2026-01-02 09:52:44,54.04,216,11673
2026-01-02 09:52:45,53.98,214,11552
2026-01-02 09:52:46,54.07,204,11030
2026-01-02 09:52:47,53.97,194,10470
2026-01-02 09:52:48,53.97,211,11388
2026-01-02 09:52:49,53.94,199,10734
2026-01-02 09:52:50,54.36,201,10926
2026-01-02 09:52:51,54.37,216,11744
2026-01-02 09:52:52,54.37,220,11961
2026-01-02 09:52:53,54.37,167,9080
2026-01-02 09:52:54,54.37,225,12233
2026-01-02 09:52:55,54.37,187,10167
2026-01-02 09:52:56,54.37,222,12070
2026-01-02 09:52:57,54.37,223,12125
2026-01-02 09:52:58,54.37,191,10385
2026-01-02 09:52:59,54.37,197,10711
2026-01-02 09:53:00,54.37,224,12179
2026-01-02 09:53:01,54.37,180,9787
2026-01-02 09:53:02,54.37,206,11200
2026-01-02 09:53:03,54.37,211,11472
2026-01-02 09:53:04,54.37,208,11309
2026-01-02 09:53:05,54.37,206,11200
2026-01-02 09:53:06,54.37,206,11200
2026-01-02 09:53:07,54.37,224,12179
2026-01-02 09:53:08,54.37,192,10439
2026-01-02 09:53:09,54.37,232,12614
2026-01-02 09:53:10,54.37,197,10711
2026-01-02 09:53:11,54.37,236,12831
2026-01-02 09:53:12,54.37,186,10113
2026-01-02 09:53:13,54.37,221,12016
2026-01-02 09:53:14,54.37,196,10657
2026-01-02 09:53:15,54.37,217,11798
2026-01-02 09:53:16,54.37,218,11853
2026-01-02 09:53:17,54.37,209,11363
2026-01-02 09:53:18,54.37,201,10928
2026-01-02 09:53:19,54.37,190,10330
2026-01-02 09:53:20,54.37,227,12342
2026-01-02 09:53:21,54.37,250,13592
2026-01-02 09:53:22,54.37,217,11798
2026-01-02 09:53:23,54.37,207,11255
2026-01-02 09:53:24,54.37,199,10820
2026-01-02 09:53:25,54.37,214,11635
2026-01-02 09:53:26,54.37,227,12342
2026-01-02 09:53:27,54.37,208,11309
2026-01-02 09:53:28,54.37,212,11526
2026-01-02 09:53:29,54.37,238,12940
2026-01-02 09:53:30,54.37,253,13756
2026-01-02 09:53:31,54.37,210,11418
2026-01-02 09:53:32,54.37,220,11961
2026-01-02 09:53:33,54.37,188,10222
2026-01-02 09:53:34,54.37,191,10385
2026-01-02 09:53:35,54.37,221,12016
2026-01-02 09:53:36,54.37,227,12342
2026-01-02 09:53:37,54.37,231,12559
2026-01-02 09:53:38,54.37,236,12831
2026-01-02 09:53:39,54.37,243,13212
2026-01-02 09:53:40,54.37,195,10602
2026-01-02 09:53:41,54.37,189,10276
2026-01-02 09:53:42,54.37,209,11363
2026-01-02 09:53:43,54.37,214,11635
2026-01-02 09:53:44,54.37,224,12179
2026-01-02 09:53:45,54.37,223,12125
2026-01-02 09:53:46,54.37,213,11581
2026-01-02 09:53:47,54.37,226,12288
2026-01-02 09:53:48,54.37,217,11798
2026-01-02 09:53:49,54.37,207,11255
2026-01-02 09:53:50,54.37,200,10874
2026-01-02 09:53:51,54.37,197,10711
2026-01-02 09:53:52,54.37,189,10276
2026-01-02 09:53:53,54.37,196,10657
2026-01-02 09:53:54,54.37,211,11472
2026-01-02 09:53:55,54.37,219,11907
2026-01-02 09:53:56,54.37,225,12233
2026-01-02 09:53:57,54.37,204,11091
2026-01-02 09:53:58,54.37,208,11309
2026-01-02 09:53:59,54.37,213,11581
2026-01-02 09:54:00,54.37,202,10983
2026-01-02 09:54:01,54.37,208,11309
2026-01-02 09:54:02,54.37,218,11853
2026-01-02 09:54:03,54.37,231,12559
2026-01-02 09:54:04,54.37,208,11309
2026-01-02 09:54:05,54.37,204,11091
2026-01-02 09:54:06,54.37,209,11363
2026-01-02 09:54:07,54.37,231,12559
2026-01-02 09:54:08,54.37,241,13103
2026-01-02 09:54:09,54.37,203,11037
2026-01-02 09:54:10,54.37,209,11363
2026-01-02 09:54:11,54.37,234,12723
2026-01-02 09:54:12,54.37,218,11853
2026-01-02 09:54:13,54.37,197,10711
2026-01-02 09:54:14,54.37,226,12288
2026-01-02 09:54:15,54.37,225,12233
2026-01-02 09:54:16,54.37,205,11146
2026-01-02 09:54:17,54.37,207,11255
2026-01-02 09:54:18,54.37,247,13429
2026-01-02 09:54:19,54.37,205,11146
2026-01-02 09:54:20,54.37,215,11690
2026-01-02 09:54:21,54.37,212,11526
2026-01-02 09:54:22,54.37,184,10004
2026-01-02 09:54:23,54.37,208,11309
2026-01-02 09:54:24,54.37,217,11798
2026-01-02 09:54:25,54.37,231,12559
2026-01-02 09:54:26,54.37,221,12016
2026-01-02 09:54:27,54.37,226,12288
2026-01-02 09:54:28,54.37,227,12342
2026-01-02 09:54:29,54.37,216,11744
2026-01-02 09:54:30,54.37,216,11744
2026-01-02 09:54:31,54.37,216,11744
2026-01-02 09:54:32,54.37,227,12342
2026-01-02 09:54:33,54.37,216,11744
2026-01-02 09:54:34,54.37,190,10330
2026-01-02 09:54:35,54.37,230,12505
2026-01-02 09:54:36,54.37,204,11091
2026-01-02 09:54:37,54.37,222,12070
2026-01-02 09:54:38,54.37,203,11037
2026-01-02 09:54:39,54.37,207,11255
2026-01-02 09:54:40,54.37,223,12125
2026-01-02 09:54:41,54.37,220,11961
2026-01-02 09:54:42,54.37,201,10928
2026-01-02 09:54:43,54.37,211,11472
2026-01-02 09:54:44,54.37,225,12233
2026-01-02 09:54:45,54.37,191,10385
2026-01-02 09:54:46,54.37,216,11744
2026-01-02 09:54:47,54.37,193,10493
2026-01-02 09:54:48,54.37,192,10439
2026-01-02 09:54:49,54.37,220,11961
2026-01-02 09:54:50,54.37,210,11418
2026-01-02 09:54:51,54.37,211,11472
2026-01-02 09:54:52,54.37,240,13049
2026-01-02 09:54:53,54.37,204,11091
2026-01-02 09:54:54,54.37,200,10874
2026-01-02 09:54:55,54.37,209,11363
2026-01-02 09:54:56,54.37,189,10276
2026-01-02 09:54:57,54.37,214,11635
2026-01-02 09:54:58,54.37,209,11363
2026-01-02 09:54:59,54.37,206,11200
2026-01-02 09:55:00,54.37,199,10820
2026-01-02 09:55:01,54.37,214,11635
2026-01-02 09:55:02,54.37,232,12614
2026-01-02 09:55:03,54.37,202,10983
2026-01-02 09:55:04,54.37,193,10493
2026-01-02 09:55:05,54.37,209,11363
2026-01-02 09:55:06,54.37,231,12559
2026-01-02 09:55:07,54.37,214,11635
2026-01-02 09:55:08,54.37,215,11690
2026-01-02 09:55:09,54.37,213,11581
2026-01-02 09:55:10,54.37,207,11255
2026-01-02 09:55:11,54.37,215,11690
2026-01-02 09:55:12,54.37,211,11472
2026-01-02 09:55:13,54.37,243,13212
2026-01-02 09:55:14,54.37,216,11744
2026-01-02 09:55:15,54.37,236,12831
2026-01-02 09:55:16,54.37,232,12614
2026-01-02 09:55:17,54.37,206,11200
2026-01-02 09:55:18,54.37,227,12342
2026-01-02 09:55:19,54.37,200,10874
2026-01-02 09:55:20,54.37,222,12070
2026-01-02 09:55:21,54.37,188,10222
2026-01-02 09:55:22,54.37,211,11472
2026-01-02 09:55:23,54.37,223,12125
2026-01-02 09:55:24,54.37,192,10439
2026-01-02 09:55:25,54.37,209,11363
2026-01-02 09:55:26,54.37,198,10765
2026-01-02 09:55:27,54.37,219,11907
2026-01-02 09:55:28,54.37,220,11961
2026-01-02 09:55:29,54.37,213,11581
2026-01-02 09:55:30,54.37,212,11526
2026-01-02 09:55:31,54.37,248,13484
2026-01-02 09:55:32,54.37,221,12016
2026-01-02 09:55:33,54.37,224,12179
2026-01-02 09:55:34,54.37,200,10874
2026-01-02 09:55:35,54.37,209,11363
2026-01-02 09:55:36,54.37,204,11091
2026-01-02 09:55:37,54.37,226,12288
2026-01-02 09:55:38,54.37,191,10385
2026-01-02 09:55:39,54.37,193,10493
2026-01-02 09:55:40,54.37,196,10657
2026-01-02 09:55:41,54.37,216,11744
2026-01-02 09:55:42,54.37,205,11146
2026-01-02 09:55:43,54.37,239,12994
2026-01-02 09:55:44,54.37,211,11472
2026-01-02 09:55:45,54.37,212,11526
2026-01-02 09:55:46,54.37,210,11418
2026-01-02 09:55:47,54.37,220,11961
2026-01-02 09:55:48,54.37,210,11418
2026-01-02 09:55:49,54.37,182,9895
2026-01-02 09:55:50,54.37,238,12940
2026-01-02 09:55:51,54.37,221,12016
2026-01-02 09:55:52,54.37,206,11200
2026-01-02 09:55:53,54.37,218,11853
2026-01-02 09:55:54,54.37,215,11690
2026-01-02 09:55:55,54.37,219,11907
2026-01-02 09:55:56,54.37,193,10493
2026-01-02 09:55:57,54.37,202,10983
2026-01-02 09:55:58,54.37,198,10765
2026-01-02 09:55:59,54.37,221,12016
2026-01-02 09:56:00,54.37,200,10874
2026-01-02 09:56:01,54.37,200,10874
2026-01-02 09:56:02,54.37,228,12396
2026-01-02 09:56:03,54.37,210,11418
2026-01-02 09:56:04,54.37,219,11907
2026-01-02 09:56:05,54.37,204,11091
2026-01-02 09:56:06,54.37,219,11907
2026-01-02 09:56:07,54.37,198,10765
2026-01-02 09:56:08,54.37,207,11255
2026-01-02 09:56:09,54.37,221,12016
2026-01-02 09:56:10,54.37,196,10657
2026-01-02 09:56:11,54.37,203,11037
2026-01-02 09:56:12,54.37,186,10113
2026-01-02 09:56:13,54.37,212,11526
2026-01-02 09:56:14,54.37,192,10439
2026-01-02 09:56:15,54.37,223,12125
2026-01-02 09:56:16,54.37,228,12396
2026-01-02 09:56:17,54.37,204,11091
2026-01-02 09:56:18,54.37,222,12070
2026-01-02 09:56:19,54.37,211,11472
2026-01-02 09:56:20,54.37,212,11526
2026-01-02 09:56:21,54.37,186,10113
2026-01-02 09:56:22,54.37,201,10928
2026-01-02 09:56:23,54.37,224,12179
2026-01-02 09:56:24,54.37,254,13810
2026-01-02 09:56:25,54.37,193,10493
2026-01-02 09:56:26,54.37,217,11798
2026-01-02 09:56:27,54.37,213,11581
2026-01-02 09:56:28,54.37,231,12559
2026-01-02 09:56:29,54.37,212,11526
2026-01-02 09:56:30,54.37,198,10765
2026-01-02 09:56:31,54.37,211,11472
2026-01-02 09:56:32,54.37,198,10765
2026-01-02 09:56:33,54.37,210,11418
2026-01-02 09:56:34,54.37,244,13266
2026-01-02 09:56:35,54.37,230,12505
2026-01-02 09:56:36,54.37,190,10330
2026-01-02 09:56:37,54.37,193,10493
2026-01-02 09:56:38,54.37,196,10657
2026-01-02 09:56:39,54.37,225,12233
2026-01-02 09:56:40,54.37,219,11907
2026-01-02 09:56:41,54.37,200,10874
2026-01-02 09:56:42,54.37,216,11744
2026-01-02 09:56:43,54.37,185,10058
2026-01-02 09:56:44,54.37,209,11363
2026-01-02 09:56:45,54.37,225,12233
2026-01-02 09:56:46,54.37,213,11581
2026-01-02 09:56:47,54.37,230,12505
2026-01-02 09:56:48,54.37,183,9950
2026-01-02 09:56:49,54.37,194,10548
2026-01-02 09:56:50,54.37,196,10657
2026-01-02 09:56:51,54.37,192,10439
2026-01-02 09:56:52,54.37,224,12179
2026-01-02 09:56:53,54.37,193,10493
2026-01-02 09:56:54,54.37,169,9189
2026-01-02 09:56:55,54.37,248,13484
2026-01-02 09:56:56,54.37,219,11907
2026-01-02 09:56:57,54.37,221,12016
2026-01-02 09:56:58,54.37,198,10765
2026-01-02 09:56:59,54.37,199,10820
2026-01-02 09:57:00,54.37,212,11526
2026-01-02 09:57:01,54.37,211,11472
2026-01-02 09:57:02,54.37,196,10657
2026-01-02 09:57:03,54.37,207,11255
2026-01-02 09:57:04,54.37,204,11091
2026-01-02 09:57:05,54.37,203,11037
2026-01-02 09:57:06,54.37,216,11744
2026-01-02 09:57:07,54.37,207,11255
2026-01-02 09:57:08,54.37,217,11798
2026-01-02 09:57:09,54.37,191,10385
2026-01-02 09:57:10,54.37,222,12070
2026-01-02 09:57:11,54.37,210,11418
2026-01-02 09:57:12,54.37,233,12668
2026-01-02 09:57:13,54.37,190,10330
2026-01-02 09:57:14,54.37,214,11635
2026-01-02 09:57:15,54.37,200,10874
2026-01-02 09:57:16,54.37,226,12288
2026-01-02 09:57:17,54.37,210,11418
2026-01-02 09:57:18,54.37,220,11961
2026-01-02 09:57:19,54.37,190,10330
2026-01-02 09:57:20,54.37,213,11581
2026-01-02 09:57:21,54.37,207,11255
2026-01-02 09:57:22,54.37,211,11472
2026-01-02 09:57:23,54.37,205,11146
2026-01-02 09:57:24,54.37,195,10602
2026-01-02 09:57:25,54.37,204,11091
2026-01-02 09:57:26,54.37,189,10276
2026-01-02 09:57:27,54.37,226,12288
2026-01-02 09:57:28,54.37,193,10493
2026-01-02 09:57:29,54.37,195,10602
2026-01-02 09:57:30,54.37,202,10983
2026-01-02 09:57:31,54.37,208,11309
2026-01-02 09:57:32,54.37,215,11690
2026-01-02 09:57:33,54.37,214,11635
2026-01-02 09:57:34,54.37,206,11200
2026-01-02 09:57:35,54.37,200,10874
2026-01-02 09:57:36,54.37,204,11091
2026-01-02 09:57:37,54.37,193,10493
2026-01-02 09:57:38,54.37,212,11526
2026-01-02 09:57:39,54.37,182,9895
2026-01-02 09:57:40,54.37,228,12396
2026-01-02 09:57:41,54.37,209,11363
2026-01-02 09:57:42,54.37,204,11091
2026-01-02 09:57:43,54.37,204,11091
2026-01-02 09:57:44,54.37,213,11581
2026-01-02 09:57:45,54.37,189,10276
2026-01-02 09:57:46,54.37,218,11853
2026-01-02 09:57:47,54.37,197,10711
2026-01-02 09:57:48,54.37,218,11853
2026-01-02 09:57:49,54.37,193,10493
2026-01-02 09:57:50,54.37,235,12777
2026-01-02 09:57:51,54.37,199,10820
2026-01-02 09:57:52,54.37,181,9841
2026-01-02 09:57:53,54.37,191,10385
2026-01-02 09:57:54,54.37,219,11907
2026-01-02 09:57:55,54.37,208,11309
2026-01-02 09:57:56,54.37,220,11961
2026-01-02 09:57:57,54.37,231,12559
2026-01-02 09:57:58,54.37,221,12016
2026-01-02 09:57:59,54.37,206,11200
2026-01-02 09:58:00,54.37,192,10439
2026-01-02 09:58:01,54.37,202,10983
2026-01-02 09:58:02,54.37,217,11798
2026-01-02 09:58:03,54.37,220,11961
2026-01-02 09:58:04,54.37,218,11853
2026-01-02 09:58:05,54.37,200,10874
2026-01-02 09:58:06,54.37,201,10928
2026-01-02 09:58:07,54.37,210,11418
2026-01-02 09:58:08,54.37,202,10983
2026-01-02 09:58:09,54.37,204,11091
2026-01-02 09:58:10,54.37,215,11690
2026-01-02 09:58:11,54.37,225,12233
2026-01-02 09:58:12,54.37,207,11255
2026-01-02 09:58:13,54.37,199,10820
2026-01-02 09:58:14,54.37,207,11255
2026-01-02 09:58:15,54.37,198,10765
2026-01-02 09:58:16,54.37,227,12342
2026-01-02 09:58:17,54.37,191,10385
2026-01-02 09:58:18,54.37,212,11526
2026-01-02 09:58:19,54.37,238,12940
2026-01-02 09:58:20,54.37,195,10602
2026-01-02 09:58:21,54.37,199,10820
2026-01-02 09:58:22,54.37,234,12723
2026-01-02 09:58:23,54.37,195,10602
2026-01-02 09:58:24,54.37,224,12179
2026-01-02 09:58:25,54.37,198,10765
2026-01-02 09:58:26,54.37,205,11146
2026-01-02 09:58:27,54.37,213,11581
2026-01-02 09:58:28,54.37,208,11309
2026-01-02 09:58:29,54.37,213,11581
2026-01-02 09:58:30,54.37,205,11146
2026-01-02 09:58:31,54.37,189,10276
2026-01-02 09:58:32,54.37,184,10004
2026-01-02 09:58:33,54.37,199,10820
2026-01-02 09:58:34,54.37,179,9732
2026-01-02 09:58:35,54.37,217,11798
2026-01-02 09:58:36,54.37,193,10493
2026-01-02 09:58:37,54.37,193,10493
2026-01-02 09:58:38,54.37,201,10928
2026-01-02 09:58:39,54.37,199,10820
2026-01-02 09:58:40,54.37,186,10113
2026-01-02 09:58:41,54.37,204,11091
2026-01-02 09:58:42,54.37,216,11744
2026-01-02 09:58:43,54.37,201,10928
2026-01-02 09:58:44,54.37,189,10276
2026-01-02 09:58:45,54.37,218,11853
2026-01-02 09:58:46,54.37,210,11418
2026-01-02 09:58:47,54.37,231,12559
2026-01-02 09:58:48,54.37,197,10711
2026-01-02 09:58:49,54.37,196,10657
2026-01-02 09:58:50,54.37,178,9678
2026-01-02 09:58:51,54.37,198,10765
2026-01-02 09:58:52,54.37,230,12505
2026-01-02 09:58:53,54.37,219,11907
2026-01-02 09:58:54,54.37,211,11472
2026-01-02 09:58:55,54.37,183,9950
2026-01-02 09:58:56,54.37,197,10711
2026-01-02 09:58:57,54.37,187,10167
2026-01-02 09:58:58,54.37,220,11961
2026-01-02 09:58:59,54.37,182,9895
2026-01-02 09:59:00,54.37,171,9297
2026-01-02 09:59:01,54.37,201,10928
2026-01-02 09:59:02,54.37,195,10602
2026-01-02 09:59:03,54.37,192,10439
2026-01-02 09:59:04,54.37,205,11146
2026-01-02 09:59:05,54.37,206,11200
2026-01-02 09:59:06,54.37,204,11091
2026-01-02 09:59:07,54.37,200,10874
2026-01-02 09:59:08,54.37,203,11037
2026-01-02 09:59:09,54.37,196,10657
2026-01-02 09:59:10,54.37,204,11091
2026-01-02 09:59:11,54.37,171,9297
2026-01-02 09:59:12,54.37,207,11255
2026-01-02 09:59:13,54.37,217,11798
2026-01-02 09:59:14,54.37,204,11091
2026-01-02 09:59:15,54.37,204,11091
2026-01-02 09:59:16,54.37,191,10385
2026-01-02 09:59:17,54.37,234,12723
2026-01-02 09:59:18,54.37,197,10711
2026-01-02 09:59:19,54.37,211,11472
2026-01-02 09:59:20,54.37,218,11853
2026-01-02 09:59:21,54.37,214,11635
2026-01-02 09:59:22,54.37,194,10548
2026-01-02 09:59:23,54.37,202,10983
2026-01-02 09:59:24,54.37,214,11635
2026-01-02 09:59:25,54.37,191,10385
2026-01-02 09:59:26,54.37,196,10657
2026-01-02 09:59:27,54.37,206,11200
2026-01-02 09:59:28,54.37,219,11907
2026-01-02 09:59:29,54.37,209,11363
2026-01-02 09:59:30,54.37,183,9950
2026-01-02 09:59:31,54.37,198,10765
2026-01-02 09:59:32,54.37,203,11037
2026-01-02 09:59:33,54.37,211,11472
2026-01-02 09:59:34,54.37,185,10058
2026-01-02 09:59:35,54.37,207,11255
2026-01-02 09:59:36,54.37,210,11418
2026-01-02 09:59:37,54.37,182,9895
2026-01-02 09:59:38,54.37,170,9243
2026-01-02 09:59:39,54.37,201,10928
2026-01-02 09:59:40,54.37,198,10765
2026-01-02 09:59:41,54.37,204,11091
2026-01-02 09:59:42,54.37,216,11744
2026-01-02 09:59:43,54.37,201,10928
2026-01-02 09:59:44,54.37,219,11907
2026-01-02 09:59:45,54.37,194,10548
2026-01-02 09:59:46,54.37,197,10711
2026-01-02 09:59:47,54.37,157,8536
2026-01-02 09:59:48,54.37,191,10385
2026-01-02 09:59:49,54.37,205,11146
2026-01-02 09:59:50,54.37,194,10548
2026-01-02 09:59:51,54.37,203,11037
2026-01-02 09:59:52,54.37,201,10928
2026-01-02 09:59:53,54.37,213,11581
2026-01-02 09:59:54,54.37,194,10548
2026-01-02 09:59:55,54.37,180,9787
2026-01-02 09:59:56,54.37,199,10820
2026-01-02 09:59:57,54.37,201,10928
2026-01-02 09:59:58,54.37,189,10276
2026-01-02 09:59:59,54.37,216,11744
2026-01-02 10:00:00,54.37,181,9841
2026-01-02 10:00:01,54.37,213,11581
2026-01-02 10:00:02,54.37,179,9732
2026-01-02 10:00:03,54.37,206,11200
2026-01-02 10:00:04,54.37,229,12451
2026-01-02 10:00:05,54.37,199,10820
2026-01-02 10:00:06,54.37,215,11690
2026-01-02 10:00:07,54.37,179,9732
2026-01-02 10:00:08,54.37,219,11907
2026-01-02 10:00:09,54.37,201,10928
2026-01-02 10:00:10,54.37,191,10385
2026-01-02 10:00:11,54.37,208,11309
2026-01-02 10:00:12,54.37,193,10493
2026-01-02 10:00:13,54.37,221,12016
2026-01-02 10:00:14,54.37,186,10113
2026-01-02 10:00:15,54.37,201,10928
2026-01-02 10:00:16,54.37,191,10385
2026-01-02 10:00:17,54.37,200,10874
2026-01-02 10:00:18,54.37,213,11581
2026-01-02 10:00:19,54.37,213,11581
2026-01-02 10:00:20,54.37,198,10765
2026-01-02 10:00:21,54.37,199,10820
2026-01-02 10:00:22,54.37,207,11255
2026-01-02 10:00:23,54.37,206,11200
2026-01-02 10:00:24,54.37,199,10820
2026-01-02 10:00:25,54.37,190,10330
2026-01-02 10:00:26,54.37,210,11418
2026-01-02 10:00:27,54.37,212,11526
2026-01-02 10:00:28,54.37,189,10276
2026-01-02 10:00:29,54.37,204,11091
2026-01-02 10:00:30,54.37,171,9297
2026-01-02 10:00:31,54.37,207,11255
2026-01-02 10:00:32,54.37,204,11091
2026-01-02 10:00:33,54.37,198,10765
2026-01-02 10:00:34,54.37,191,10385
2026-01-02 10:00:35,54.37,192,10439
2026-01-02 10:00:36,54.37,202,10983
2026-01-02 10:00:37,54.37,175,9515
2026-01-02 10:00:38,54.37,198,10765
2026-01-02 10:00:39,54.37,204,11091
2026-01-02 10:00:40,54.37,213,11581
2026-01-02 10:00:41,54.37,221,12016
2026-01-02 10:00:42,54.37,216,11744
2026-01-02 10:00:43,54.37,203,11037
2026-01-02 10:00:44,54.37,209,11363
2026-01-02 10:00:45,54.37,209,11363
2026-01-02 10:00:46,54.37,210,11418
2026-01-02 10:00:47,54.37,206,11200
2026-01-02 10:00:48,54.37,199,10820
2026-01-02 10:00:49,54.37,203,11037
2026-01-02 10:00:50,54.37,217,11798
2026-01-02 10:00:51,54.37,199,10820
2026-01-02 10:00:52,54.37,203,11037
2026-01-02 10:00:53,54.37,202,10983
2026-01-02 10:00:54,54.37,173,9406
2026-01-02 10:00:55,54.37,206,11200
2026-01-02 10:00:56,54.37,219,11907
2026-01-02 10:00:57,54.37,199,10820
2026-01-02 10:00:58,54.37,204,11091
2026-01-02 10:00:59,54.37,205,11146
2026-01-02 10:01:00,54.37,220,11961
2026-01-02 10:01:01,54.37,218,11853
2026-01-02 10:01:02,54.37,200,10874
2026-01-02 10:01:03,54.37,192,10439
2026-01-02 10:01:04,54.37,184,10004
2026-01-02 10:01:05,54.37,195,10602
2026-01-02 10:01:06,54.37,195,10602
2026-01-02 10:01:07,54.37,186,10113
2026-01-02 10:01:08,54.37,213,11581
2026-01-02 10:01:09,54.37,208,11309
2026-01-02 10:01:10,54.37,205,11146
2026-01-02 10:01:11,54.37,202,10983
2026-01-02 10:01:12,54.37,190,10330
2026-01-02 10:01:13,54.37,186,10113
2026-01-02 10:01:14,54.37,197,10711
2026-01-02 10:01:15,54.37,200,10874
2026-01-02 10:01:16,54.37,186,10113
2026-01-02 10:01:17,54.37,173,9406
2026-01-02 10:01:18,54.37,191,10385
2026-01-02 10:01:19,54.37,205,11146
2026-01-02 10:01:20,54.37,211,11472
2026-01-02 10:01:21,54.37,187,10167
2026-01-02 10:01:22,54.37,183,9950
2026-01-02 10:01:23,54.37,201,10928
2026-01-02 10:01:24,54.37,165,8971
2026-01-02 10:01:25,54.37,212,11526
2026-01-02 10:01:26,54.37,206,11200
2026-01-02 10:01:27,54.37,189,10276
2026-01-02 10:01:28,54.37,206,11200
2026-01-02 10:01:29,54.37,186,10113
2026-01-02 10:01:30,54.37,208,11309
2026-01-02 10:01:31,54.37,194,10548
2026-01-02 10:01:32,54.37,178,9678
2026-01-02 10:01:33,54.37,212,11526
2026-01-02 10:01:34,54.37,223,12125
2026-01-02 10:01:35,54.37,228,12396
2026-01-02 10:01:36,54.37,186,10113
2026-01-02 10:01:37,54.37,199,10820
2026-01-02 10:01:38,54.37,183,9950
2026-01-02 10:01:39,54.37,226,12288
2026-01-02 10:01:40,54.37,197,10711
2026-01-02 10:01:41,54.37,193,10493
2026-01-02 10:01:42,54.37,191,10385
2026-01-02 10:01:43,54.37,214,11635
2026-01-02 10:01:44,54.37,175,9515
2026-01-02 10:01:45,54.37,182,9895
2026-01-02 10:01:46,54.37,198,10765
2026-01-02 10:01:47,54.37,211,11472
2026-01-02 10:01:48,54.37,168,9134
2026-01-02 10:01:49,54.37,181,9841
2026-01-02 10:01:50,54.37,200,10874
2026-01-02 10:01:51,54.37,161,8754
2026-01-02 10:01:52,54.37,210,11418
2026-01-02 10:01:53,54.37,197,10711
2026-01-02 10:01:54,54.37,184,10004
2026-01-02 10:01:55,54.37,193,10493
2026-01-02 10:01:56,54.37,209,11363
2026-01-02 10:01:57,54.37,180,9787
2026-01-02 10:01:58,54.37,214,11635
2026-01-02 10:01:59,54.37,192,10439
2026-01-02 10:02:00,54.37,189,10276
2026-01-02 10:02:01,54.37,197,10711
2026-01-02 10:02:02,54.37,183,9950
2026-01-02 10:02:03,54.37,226,12288
2026-01-02 10:02:04,54.37,188,10222
2026-01-02 10:02:05,54.37,210,11418
2026-01-02 10:02:06,54.37,199,10820
2026-01-02 10:02:07,54.37,205,11146
2026-01-02 10:02:08,54.37,190,10330
2026-01-02 10:02:09,54.37,212,11526
2026-01-02 10:02:10,54.37,204,11091
2026-01-02 10:02:11,54.37,183,9950
2026-01-02 10:02:12,54.37,197,10711
2026-01-02 10:02:13,54.37,222,12070
2026-01-02 10:02:14,54.37,187,10167
2026-01-02 10:02:15,54.37,192,10439
2026-01-02 10:02:16,54.37,194,10548
2026-01-02 10:02:17,54.37,197,10711
2026-01-02 10:02:18,54.37,209,11363
2026-01-02 10:02:19,54.37,171,9297
2026-01-02 10:02:20,54.37,196,10657
2026-01-02 10:02:21,54.37,199,10820
2026-01-02 10:02:22,54.37,188,10222
2026-01-02 10:02:23,54.37,196,10657
2026-01-02 10:02:24,54.37,218,11853
2026-01-02 10:02:25,54.37,206,11200
2026-01-02 10:02:26,54.37,208,11309
2026-01-02 10:02:27,54.37,193,10493
2026-01-02 10:02:28,54.37,207,11255
2026-01-02 10:02:29,54.37,210,11418
2026-01-02 10:02:30,54.37,190,10330
2026-01-02 10:02:31,54.37,200,10874
2026-01-02 10:02:32,54.37,200,10874
2026-01-02 10:02:33,54.37,211,11472
2026-01-02 10:02:34,54.37,170,9243
2026-01-02 10:02:35,54.37,189,10276
2026-01-02 10:02:36,54.37,198,10765
2026-01-02 10:02:37,54.37,186,10113
2026-01-02 10:02:38,54.37,207,11255
2026-01-02 10:02:39,54.37,220,11961
2026-01-02 10:02:40,54.37,198,10765
2026-01-02 10:02:41,54.37,190,10330
2026-01-02 10:02:42,54.37,215,11690
2026-01-02 10:02:43,54.37,209,11363
2026-01-02 10:02:44,54.37,185,10058
2026-01-02 10:02:45,54.37,184,10004
2026-01-02 10:02:46,54.37,205,11146
2026-01-02 10:02:47,54.37,194,10548
2026-01-02 10:02:48,54.37,167,9080
2026-01-02 10:02:49,54.37,198,10765
2026-01-02 10:02:50,54.37,199,10820
2026-01-02 10:02:51,54.37,182,9895
2026-01-02 10:02:52,54.37,201,10928
2026-01-02 10:02:53,54.37,200,10874
2026-01-02 10:02:54,54.37,184,10004
2026-01-02 10:02:55,54.37,192,10439
2026-01-02 10:02:56,54.37,200,10874
2026-01-02 10:02:57,54.37,184,10004
2026-01-02 10:02:58,54.37,173,9406
2026-01-02 10:02:59,54.37,216,11744
2026-01-02 10:03:00,54.37,193,10493
2026-01-02 10:03:01,54.37,170,9243
2026-01-02 10:03:02,54.37,195,10602
2026-01-02 10:03:03,54.37,173,9406
2026-01-02 10:03:04,54.37,177,9623
2026-01-02 10:03:05,54.37,212,11526
2026-01-02 10:03:06,54.37,194,10548
2026-01-02 10:03:07,54.37,183,9950
2026-01-02 10:03:08,54.37,197,10711
2026-01-02 10:03:09,54.37,201,10928
2026-01-02 10:03:10,54.37,194,10548
2026-01-02 10:03:11,54.37,180,9787
2026-01-02 10:03:12,54.37,191,10385
2026-01-02 10:03:13,54.37,226,12288
2026-01-02 10:03:14,54.37,198,10765
2026-01-02 10:03:15,54.37,208,11309
2026-01-02 10:03:16,54.37,207,11255
2026-01-02 10:03:17,54.37,188,10222
2026-01-02 10:03:18,54.37,180,9787
2026-01-02 10:03:19,54.37,193,10493
2026-01-02 10:03:20,54.37,218,11853
2026-01-02 10:03:21,54.37,195,10602
2026-01-02 10:03:22,54.37,211,11472
2026-01-02 10:03:23,54.37,199,10820
2026-01-02 10:03:24,54.37,205,11146
2026-01-02 10:03:25,54.37,211,11472
2026-01-02 10:03:26,54.37,178,9678
2026-01-02 10:03:27,54.37,214,11635
2026-01-02 10:03:28,54.37,195,10602
2026-01-02 10:03:29,54.37,205,11146
2026-01-02 10:03:30,54.37,195,10602
2026-01-02 10:03:31,54.37,236,12831
2026-01-02 10:03:32,54.37,190,10330
2026-01-02 10:03:33,54.37,188,10222
2026-01-02 10:03:34,54.37,188,10222
2026-01-02 10:03:35,54.37,196,10657
2026-01-02 10:03:36,54.37,198,10765
2026-01-02 10:03:37,54.37,177,9623
2026-01-02 10:03:38,54.37,166,9025
2026-01-02 10:03:39,54.37,207,11255
2026-01-02 10:03:40,54.37,189,10276
2026-01-02 10:03:41,54.37,175,9515
2026-01-02 10:03:42,54.37,198,10765
2026-01-02 10:03:43,54.37,182,9895
2026-01-02 10:03:44,54.37,205,11146
2026-01-02 10:03:45,54.37,195,10602
2026-01-02 10:03:46,54.37,206,11200
2026-01-02 10:03:47,54.37,188,10222
2026-01-02 10:03:48,54.37,184,10004
2026-01-02 10:03:49,54.37,186,10113
2026-01-02 10:03:50,54.37,191,10385
2026-01-02 10:03:51,54.37,203,11037
2026-01-02 10:03:52,54.37,168,9134
2026-01-02 10:03:53,54.37,192,10439
2026-01-02 10:03:54,54.37,205,11146
2026-01-02 10:03:55,54.37,190,10330
2026-01-02 10:03:56,54.37,182,9895
2026-01-02 10:03:57,54.37,207,11255
2026-01-02 10:03:58,54.37,184,10004
2026-01-02 10:03:59,54.37,201,10928
2026-01-02 10:04:00,54.37,201,10928
2026-01-02 10:04:01,54.37,190,10330
2026-01-02 10:04:02,54.37,179,9732
2026-01-02 10:04:03,54.37,193,10493
2026-01-02 10:04:04,54.37,190,10330
2026-01-02 10:04:05,54.37,197,10711
2026-01-02 10:04:06,54.37,187,10167
2026-01-02 10:04:07,54.37,166,9025
2026-01-02 10:04:08,54.37,182,9895
2026-01-02 10:04:09,54.37,176,9569
2026-01-02 10:04:10,54.37,213,11581
2026-01-02 10:04:11,54.37,184,10004
2026-01-02 10:04:12,54.37,183,9950
2026-01-02 10:04:13,54.37,176,9569
2026-01-02 10:04:14,54.37,176,9569
2026-01-02 10:04:15,54.37,202,10983
2026-01-02 10:04:16,54.37,180,9787
2026-01-02 10:04:17,54.37,205,11146
2026-01-02 10:04:18,54.37,173,9406
2026-01-02 10:04:19,54.37,218,11853
2026-01-02 10:04:20,54.37,179,9732
2026-01-02 10:04:21,54.37,193,10493
2026-01-02 10:04:22,54.37,179,9732
2026-01-02 10:04:23,54.37,180,9787
2026-01-02 10:04:24,54.37,184,10004
2026-01-02 10:04:25,54.37,187,10167
2026-01-02 10:04:26,54.37,198,10765
2026-01-02 10:04:27,54.37,195,10602
2026-01-02 10:04:28,54.37,216,11744
2026-01-02 10:04:29,54.37,198,10765
2026-01-02 10:04:30,54.37,197,10711
2026-01-02 10:04:31,54.37,161,8754
2026-01-02 10:04:32,54.37,175,9515
2026-01-02 10:04:33,54.37,198,10765
2026-01-02 10:04:34,54.37,215,11690
2026-01-02 10:04:35,54.37,195,10602
2026-01-02 10:04:36,54.37,189,10276
2026-01-02 10:04:37,54.37,188,10222
2026-01-02 10:04:38,54.37,205,11146
2026-01-02 10:04:39,54.37,179,9732
2026-01-02 10:04:40,54.37,207,11255
2026-01-02 10:04:41,54.37,213,11581
2026-01-02 10:04:42,54.37,200,10874
2026-01-02 10:04:43,54.37,193,10493
2026-01-02 10:04:44,54.37,192,10439
2026-01-02 10:04:45,54.37,182,9895
2026-01-02 10:04:46,54.37,195,10602
2026-01-02 10:04:47,54.37,193,10493
2026-01-02 10:04:48,54.37,194,10548
2026-01-02 10:04:49,54.37,193,10493
2026-01-02 10:04:50,54.37,197,10711
2026-01-02 10:04:51,54.37,182,9895
2026-01-02 10:04:52,54.37,196,10657
2026-01-02 10:04:53,54.37,205,11146
2026-01-02 10:04:54,54.37,189,10276
2026-01-02 10:04:55,54.37,191,10385
2026-01-02 10:04:56,54.37,167,9080
2026-01-02 10:04:57,54.37,205,11146
2026-01-02 10:04:58,54.37,194,10548
2026-01-02 10:04:59,54.37,207,11255
2026-01-02 10:05:00,54.37,208,11309
2026-01-02 10:05:01,54.37,168,9134
2026-01-02 10:05:02,54.37,206,11200
2026-01-02 10:05:03,54.37,207,11255
2026-01-02 10:05:04,54.37,193,10493
2026-01-02 10:05:05,54.37,208,11309
2026-01-02 10:05:06,54.37,211,11472
2026-01-02 10:05:07,54.37,195,10602
2026-01-02 10:05:08,54.37,205,11146
2026-01-02 10:05:09,54.37,193,10493
2026-01-02 10:05:10,54.37,185,10058
2026-01-02 10:05:11,54.37,170,9243
2026-01-02 10:05:12,54.37,207,11255
2026-01-02 10:05:13,54.37,193,10493
2026-01-02 10:05:14,54.37,195,10602
2026-01-02 10:05:15,54.37,174,9460
2026-01-02 10:05:16,54.37,190,10330
2026-01-02 10:05:17,54.37,186,10113
2026-01-02 10:05:18,54.37,195,10602
2026-01-02 10:05:19,54.37,195,10602
2026-01-02 10:05:20,54.37,183,9950
2026-01-02 10:05:21,54.37,200,10874
2026-01-02 10:05:22,54.37,212,11526
2026-01-02 10:05:23,54.37,188,10222
2026-01-02 10:05:24,54.37,172,9352
2026-01-02 10:05:25,54.37,182,9895
2026-01-02 10:05:26,54.37,200,10874
2026-01-02 10:05:27,54.37,193,10493
2026-01-02 10:05:28,54.37,207,11255
2026-01-02 10:05:29,54.37,207,11255
2026-01-02 10:05:30,54.37,179,9732
2026-01-02 10:05:31,54.37,191,10385
2026-01-02 10:05:32,54.37,182,9895
2026-01-02 10:05:33,54.37,175,9515
2026-01-02 10:05:34,54.37,194,10548
2026-01-02 10:05:35,54.37,190,10330
2026-01-02 10:05:36,54.37,177,9623
2026-01-02 10:05:37,54.37,204,11091
2026-01-02 10:05:38,54.37,176,9569
2026-01-02 10:05:39,54.37,207,11255
2026-01-02 10:05:40,54.37,184,10004
2026-01-02 10:05:41,54.37,186,10113
2026-01-02 10:05:42,54.37,170,9243
2026-01-02 10:05:43,54.37,210,11418
2026-01-02 10:05:44,54.37,189,10276
2026-01-02 10:05:45,54.37,180,9787
2026-01-02 10:05:46,54.37,186,10113
2026-01-02 10:05:47,54.37,172,9352
2026-01-02 10:05:48,54.37,215,11690
2026-01-02 10:05:49,54.37,186,10113
2026-01-02 10:05:50,54.37,192,10439
2026-01-02 10:05:51,54.37,213,11581
2026-01-02 10:05:52,54.37,191,10385
2026-01-02 10:05:53,54.37,217,11798
2026-01-02 10:05:54,54.37,173,9406
2026-01-02 10:05:55,54.37,197,10711
2026-01-02 10:05:56,54.37,205,11146
2026-01-02 10:05:57,54.37,201,10928
2026-01-02 10:05:58,54.37,185,10058
2026-01-02 10:05:59,54.37,200,10874
2026-01-02 10:06:00,54.37,168,9134
2026-01-02 10:06:01,54.37,197,10711
2026-01-02 10:06:02,54.37,194,10548
2026-01-02 10:06:03,54.37,174,9460
2026-01-02 10:06:04,54.37,181,9841
2026-01-02 10:06:05,54.37,211,11472
2026-01-02 10:06:06,54.37,185,10058
2026-01-02 10:06:07,54.37,193,10493
2026-01-02 10:06:08,54.37,171,9297
2026-01-02 10:06:09,54.37,177,9623
2026-01-02 10:06:10,54.37,198,10765
2026-01-02 10:06:11,54.37,181,9841
2026-01-02 10:06:12,54.37,192,10439
2026-01-02 10:06:13,54.37,186,10113
2026-01-02 10:06:14,54.37,190,10330
2026-01-02 10:06:15,54.37,206,11200
2026-01-02 10:06:16,54.37,198,10765
2026-01-02 10:06:17,54.37,175,9515
2026-01-02 10:06:18,54.37,163,8862
2026-01-02 10:06:19,54.37,195,10602
2026-01-02 10:06:20,54.37,180,9787
2026-01-02 10:06:21,54.37,197,10711
2026-01-02 10:06:22,54.37,210,11418
2026-01-02 10:06:23,54.37,189,10276
2026-01-02 10:06:24,54.37,169,9189
2026-01-02 10:06:25,54.37,179,9732
2026-01-02 10:06:26,54.37,207,11255
2026-01-02 10:06:27,54.37,181,9841
2026-01-02 10:06:28,54.37,202,10983
2026-01-02 10:06:29,54.37,175,9515
2026-01-02 10:06:30,54.37,161,8754
2026-01-02 10:06:31,54.37,188,10222
2026-01-02 10:06:32,54.37,185,10058
2026-01-02 10:06:33,54.37,192,10439
2026-01-02 10:06:34,54.37,184,10004
2026-01-02 10:06:35,54.37,193,10493
2026-01-02 10:06:36,54.37,167,9080
2026-01-02 10:06:37,54.37,183,9950
2026-01-02 10:06:38,54.37,182,9895
2026-01-02 10:06:39,54.37,197,10711
2026-01-02 10:06:40,54.37,154,8373
2026-01-02 10:06:41,54.37,204,11091
2026-01-02 10:06:42,54.37,192,10439
2026-01-02 10:06:43,54.37,213,11581
2026-01-02 10:06:44,54.37,206,11200
2026-01-02 10:06:45,54.37,201,10928
2026-01-02 10:06:46,54.37,184,10004
2026-01-02 10:06:47,54.37,177,9623
2026-01-02 10:06:48,54.37,190,10330
2026-01-02 10:06:49,54.37,173,9406
2026-01-02 10:06:50,54.37,187,10167
2026-01-02 10:06:51,54.37,198,10765
2026-01-02 10:06:52,54.37,188,10222
2026-01-02 10:06:53,54.37,198,10765
2026-01-02 10:06:54,54.37,194,10548
2026-01-02 10:06:55,54.37,180,9787
2026-01-02 10:06:56,54.37,184,10004
2026-01-02 10:06:57,54.37,184,10004
2026-01-02 10:06:58,54.37,198,10765
2026-01-02 10:06:59,54.37,167,9080
2026-01-02 10:07:00,54.37,186,10113
2026-01-02 10:07:01,54.37,199,10820
2026-01-02 10:07:02,54.37,170,9243
2026-01-02 10:07:03,54.37,165,8971
2026-01-02 10:07:04,54.37,187,10167
2026-01-02 10:07:05,54.37,198,10765
2026-01-02 10:07:06,54.37,199,10820
2026-01-02 10:07:07,54.37,194,10548
2026-01-02 10:07:08,54.37,207,11255
2026-01-02 10:07:09,54.37,159,8645
2026-01-02 10:07:10,54.37,208,11309
2026-01-02 10:07:11,54.37,194,10548
2026-01-02 10:07:12,54.37,169,9189
2026-01-02 10:07:13,54.37,208,11309
2026-01-02 10:07:14,54.37,186,10113
2026-01-02 10:07:15,54.37,199,10820
2026-01-02 10:07:16,54.37,208,11309
2026-01-02 10:07:17,54.37,203,11037
2026-01-02 10:07:18,54.37,184,10004
2026-01-02 10:07:19,54.37,180,9787
2026-01-02 10:07:20,54.37,185,10058
2026-01-02 10:07:21,54.37,180,9787
2026-01-02 10:07:22,54.37,204,11091
2026-01-02 10:07:23,54.37,190,10330
2026-01-02 10:07:24,54.37,171,9297
2026-01-02 10:07:25,54.37,185,10058
2026-01-02 10:07:26,54.37,187,10167
2026-01-02 10:07:27,54.37,199,10820
2026-01-02 10:07:28,54.37,211,11472
2026-01-02 10:07:29,54.37,189,10276
2026-01-02 10:07:30,54.37,211,11472
2026-01-02 10:07:31,54.37,185,10058
2026-01-02 10:07:32,54.37,212,11526
2026-01-02 10:07:33,54.37,194,10548
2026-01-02 10:07:34,54.37,175,9515
2026-01-02 10:07:35,54.37,190,10330
2026-01-02 10:07:36,54.37,186,10113
2026-01-02 10:07:37,54.37,190,10330
2026-01-02 10:07:38,54.37,215,11690
2026-01-02 10:07:39,54.37,195,10602
2026-01-02 10:07:40,54.37,193,10493
2026-01-02 10:07:41,54.37,212,11526
2026-01-02 10:07:42,54.37,193,10493
2026-01-02 10:07:43,54.37,189,10276
2026-01-02 10:07:44,54.37,213,11581
2026-01-02 10:07:45,54.37,199,10820
2026-01-02 10:07:46,54.37,197,10711
2026-01-02 10:07:47,54.37,181,9841
2026-01-02 10:07:48,54.37,186,10113
2026-01-02 10:07:49,54.37,186,10113
2026-01-02 10:07:50,54.37,198,10765
2026-01-02 10:07:51,54.37,168,9134
2026-01-02 10:07:52,54.37,159,8645
2026-01-02 10:07:53,54.37,184,10004
2026-01-02 10:07:54,54.37,189,10276
2026-01-02 10:07:55,54.37,198,10765
2026-01-02 10:07:56,54.37,175,9515
2026-01-02 10:07:57,54.37,187,10167
2026-01-02 10:07:58,54.37,191,10385
2026-01-02 10:07:59,54.37,185,10058
2026-01-02 10:08:00,54.37,182,9895
2026-01-02 10:08:01,54.37,195,10602
2026-01-02 10:08:02,54.37,178,9678
2026-01-02 10:08:03,54.37,186,10113
2026-01-02 10:08:04,54.37,179,9732
2026-01-02 10:08:05,54.37,167,9080
2026-01-02 10:08:06,54.37,191,10385
2026-01-02 10:08:07,54.37,191,10385
2026-01-02 10:08:08,54.37,204,11091
2026-01-02 10:08:09,54.37,188,10222
2026-01-02 10:08:10,54.37,205,11146
2026-01-02 10:08:11,54.37,186,10113
2026-01-02 10:08:12,54.37,186,10113
2026-01-02 10:08:13,54.37,184,10004
2026-01-02 10:08:14,54.37,186,10113
2026-01-02 10:08:15,54.37,147,7992
2026-01-02 10:08:16,54.37,165,8971
2026-01-02 10:08:17,54.37,169,9189
2026-01-02 10:08:18,54.37,178,9678
2026-01-02 10:08:19,54.37,191,10385
2026-01-02 10:08:20,54.37,186,10113
2026-01-02 10:08:21,54.37,166,9025
2026-01-02 10:08:22,54.37,187,10167
2026-01-02 10:08:23,54.37,203,11037
2026-01-02 10:08:24,54.37,150,8156
2026-01-02 10:08:25,54.37,184,10004
2026-01-02 10:08:26,54.37,194,10548
2026-01-02 10:08:27,54.37,187,10167
2026-01-02 10:08:28,54.37,200,10874
2026-01-02 10:08:29,54.37,209,11363
2026-01-02 10:08:30,54.37,182,9895
2026-01-02 10:08:31,54.37,197,10711
2026-01-02 10:08:32,54.37,187,10167
2026-01-02 10:08:33,54.37,191,10385
2026-01-02 10:08:34,54.37,165,8971
2026-01-02 10:08:35,54.37,202,10983
2026-01-02 10:08:36,54.37,156,8482
2026-01-02 10:08:37,54.37,195,10602
2026-01-02 10:08:38,54.37,161,8754
2026-01-02 10:08:39,54.37,179,9732
2026-01-02 10:08:40,54.37,192,10439
2026-01-02 10:08:41,54.37,181,9841
2026-01-02 10:08:42,54.37,148,8047
2026-01-02 10:08:43,54.37,181,9841
2026-01-02 10:08:44,54.37,190,10330
2026-01-02 10:08:45,54.37,175,9515
2026-01-02 10:08:46,54.37,153,8319
2026-01-02 10:08:47,54.37,196,10657
2026-01-02 10:08:48,54.37,187,10167
2026-01-02 10:08:49,54.37,195,10602
2026-01-02 10:08:50,54.37,172,9352
2026-01-02 10:08:51,54.37,172,9352
2026-01-02 10:08:52,54.37,171,9297
2026-01-02 10:08:53,54.37,169,9189
2026-01-02 10:08:54,54.37,201,10928
2026-01-02 10:08:55,54.37,185,10058
2026-01-02 10:08:56,54.37,183,9950
2026-01-02 10:08:57,54.37,190,10330
2026-01-02 10:08:58,54.37,194,10548
2026-01-02 10:08:59,54.37,189,10276
2026-01-02 10:09:00,54.37,199,10820
2026-01-02 10:09:01,54.37,191,10385
2026-01-02 10:09:02,54.37,171,9297
2026-01-02 10:09:03,54.37,157,8536
2026-01-02 10:09:04,54.37,167,9080
2026-01-02 10:09:05,54.37,165,8971
2026-01-02 10:09:06,54.37,183,9950
2026-01-02 10:09:07,54.37,191,10385
2026-01-02 10:09:08,54.37,174,9460
2026-01-02 10:09:09,54.37,187,10167
2026-01-02 10:09:10,54.37,178,9678
2026-01-02 10:09:11,54.37,189,10276
2026-01-02 10:09:12,54.37,164,8917
2026-01-02 10:09:13,54.37,191,10385
2026-01-02 10:09:14,54.37,179,9732
2026-01-02 10:09:15,54.37,217,11798
2026-01-02 10:09:16,54.37,180,9787
2026-01-02 10:09:17,54.37,193,10493
2026-01-02 10:09:18,54.37,191,10385
2026-01-02 10:09:19,54.37,193,10493
2026-01-02 10:09:20,54.37,189,10276
2026-01-02 10:09:21,54.37,152,8264
2026-01-02 10:09:22,54.37,191,10385
2026-01-02 10:09:23,54.37,177,9623
2026-01-02 10:09:24,54.37,171,9297
2026-01-02 10:09:25,54.37,180,9787
2026-01-02 10:09:26,54.37,178,9678
2026-01-02 10:09:27,54.37,185,10058
2026-01-02 10:09:28,54.37,168,9134
2026-01-02 10:09:29,54.37,174,9460
2026-01-02 10:09:30,54.37,201,10928
2026-01-02 10:09:31,54.37,185,10058
2026-01-02 10:09:32,54.37,187,10167
2026-01-02 10:09:33,54.37,169,9189
2026-01-02 10:09:34,54.37,180,9787
2026-01-02 10:09:35,54.37,190,10330
2026-01-02 10:09:36,54.37,204,11091
2026-01-02 10:09:37,54.37,194,10548
2026-01-02 10:09:38,54.37,186,10113
2026-01-02 10:09:39,54.37,184,10004
2026-01-02 10:09:40,54.37,163,8862
2026-01-02 10:09:41,54.37,161,8754
2026-01-02 10:09:42,54.37,189,10276
2026-01-02 10:09:43,54.37,185,10058
2026-01-02 10:09:44,54.37,171,9297
2026-01-02 10:09:45,54.37,174,9460
2026-01-02 10:09:46,54.37,158,8590
2026-01-02 10:09:47,54.37,168,9134
2026-01-02 10:09:48,54.37,195,10602
2026-01-02 10:09:49,54.37,156,8482
2026-01-02 10:09:50,54.37,174,9460
2026-01-02 10:09:51,54.37,200,10874
2026-01-02 10:09:52,54.37,181,9841
2026-01-02 10:09:53,54.37,159,8645
2026-01-02 10:09:54,54.37,163,8862
2026-01-02 10:09:55,54.37,174,9460
2026-01-02 10:09:56,54.37,194,10548
2026-01-02 10:09:57,54.37,198,10765
2026-01-02 10:09:58,54.37,170,9243
2026-01-02 10:09:59,54.37,178,9678
2026-01-02 10:10:00,54.37,191,10385
2026-01-02 10:10:01,54.37,156,8482
2026-01-02 10:10:02,54.37,201,10928
2026-01-02 10:10:03,54.37,182,9895
2026-01-02 10:10:04,54.37,188,10222
2026-01-02 10:10:05,54.37,211,11472
2026-01-02 10:10:06,54.37,203,11037
2026-01-02 10:10:07,54.37,170,9243
2026-01-02 10:10:08,54.37,163,8862
2026-01-02 10:10:09,54.37,183,9950
2026-01-02 10:10:10,54.37,187,10167
2026-01-02 10:10:11,54.37,173,9406
2026-01-02 10:10:12,54.37,182,9895
2026-01-02 10:10:13,54.37,182,9895
2026-01-02 10:10:14,54.37,171,9297
2026-01-02 10:10:15,54.37,220,11961
2026-01-02 10:10:16,54.37,189,10276
2026-01-02 10:10:17,54.37,161,8754
2026-01-02 10:10:18,54.37,181,9841
2026-01-02 10:10:19,54.37,195,10602
2026-01-02 10:10:20,54.37,195,10602
2026-01-02 10:10:21,54.37,182,9895
2026-01-02 10:10:22,54.37,184,10004
2026-01-02 10:10:23,54.37,207,11255
2026-01-02 10:10:24,54.37,177,9623
2026-01-02 10:10:25,54.37,166,9025
2026-01-02 10:10:26,54.37,161,8754
2026-01-02 10:10:27,54.37,176,9569
2026-01-02 10:10:28,54.37,192,10439
2026-01-02 10:10:29,54.37,187,10167
2026-01-02 10:10:30,54.37,186,10113
2026-01-02 10:10:31,54.37,191,10385
2026-01-02 10:10:32,54.37,177,9623
2026-01-02 10:10:33,54.37,174,9460
2026-01-02 10:10:34,54.37,192,10439
2026-01-02 10:10:35,54.37,183,9950
2026-01-02 10:10:36,54.37,192,10439
2026-01-02 10:10:37,54.37,177,9623
2026-01-02 10:10:38,54.37,189,10276
2026-01-02 10:10:39,54.37,204,11091
2026-01-02 10:10:40,54.37,181,9841
2026-01-02 10:10:41,54.37,146,7938
2026-01-02 10:10:42,54.37,202,10983
2026-01-02 10:10:43,54.37,173,9406
2026-01-02 10:10:44,54.37,177,9623
2026-01-02 10:10:45,54.37,170,9243
2026-01-02 10:10:46,54.37,164,8917
2026-01-02 10:10:47,54.37,174,9460
2026-01-02 10:10:48,54.37,167,9080
2026-01-02 10:10:49,54.37,188,10222
2026-01-02 10:10:50,54.37,174,9460
2026-01-02 10:10:51,54.37,197,10711
2026-01-02 10:10:52,54.37,177,9623
2026-01-02 10:10:53,54.37,180,9787
2026-01-02 10:10:54,54.37,152,8264
2026-01-02 10:10:55,54.37,175,9515
2026-01-02 10:10:56,54.37,164,8917
2026-01-02 10:10:57,54.37,198,10765
2026-01-02 10:10:58,54.37,156,8482
2026-01-02 10:10:59,54.37,178,9678
2026-01-02 10:11:00,54.37,181,9841
2026-01-02 10:11:01,54.37,171,9297
2026-01-02 10:11:02,54.37,163,8862
2026-01-02 10:11:03,54.37,185,10058
2026-01-02 10:11:04,54.37,166,9025
2026-01-02 10:11:05,54.37,191,10385
2026-01-02 10:11:06,54.37,178,9678
2026-01-02 10:11:07,54.37,163,8862
2026-01-02 10:11:08,54.37,161,8754
2026-01-02 10:11:09,54.37,200,10874
2026-01-02 10:11:10,54.37,183,9950
2026-01-02 10:11:11,54.37,175,9515
2026-01-02 10:11:12,54.37,163,8862
2026-01-02 10:11:13,54.37,162,8808
2026-01-02 10:11:14,54.37,182,9895
2026-01-02 10:11:15,54.37,183,9950
2026-01-02 10:11:16,54.37,181,9841
2026-01-02 10:11:17,54.37,195,10602
2026-01-02 10:11:18,54.37,156,8482
2026-01-02 10:11:19,54.37,177,9623
2026-01-02 10:11:20,54.37,176,9569
2026-01-02 10:11:21,54.37,191,10385
2026-01-02 10:11:22,54.37,192,10439
2026-01-02 10:11:23,54.37,170,9243
2026-01-02 10:11:24,54.37,201,10928
2026-01-02 10:11:25,54.37,176,9569
2026-01-02 10:11:26,54.37,187,10167
2026-01-02 10:11:27,54.37,197,10711
2026-01-02 10:11:28,54.37,191,10385
2026-01-02 10:11:29,54.37,198,10765
2026-01-02 10:11:30,54.37,170,9243
2026-01-02 10:11:31,54.37,152,8264
2026-01-02 10:11:32,54.37,177,9623
2026-01-02 10:11:33,54.37,189,10276
2026-01-02 10:11:34,54.37,188,10222
2026-01-02 10:11:35,54.37,172,9352
2026-01-02 10:11:36,54.37,167,9080
2026-01-02 10:11:37,54.37,172,9352
2026-01-02 10:11:38,54.37,169,9189
2026-01-02 10:11:39,54.37,203,11037
2026-01-02 10:11:40,54.37,192,10439
2026-01-02 10:11:41,54.37,187,10167
2026-01-02 10:11:42,54.37,209,11363
2026-01-02 10:11:43,54.37,178,9678
2026-01-02 10:11:44,54.37,169,9189
2026-01-02 10:11:45,54.37,184,10004
2026-01-02 10:11:46,54.37,186,10113
2026-01-02 10:11:47,54.37,171,9297
2026-01-02 10:11:48,54.37,186,10113
2026-01-02 10:11:49,54.37,190,10330
2026-01-02 10:11:50,54.37,170,9243
2026-01-02 10:11:51,54.37,192,10439
2026-01-02 10:11:52,54.37,162,8808
2026-01-02 10:11:53,54.37,179,9732
2026-01-02 10:11:54,54.37,199,10820
2026-01-02 10:11:55,54.37,180,9787
2026-01-02 10:11:56,54.37,172,9352
2026-01-02 10:11:57,54.37,142,7721
2026-01-02 10:11:58,54.37,195,10602
2026-01-02 10:11:59,54.37,208,11309
2026-01-02 10:12:00,54.37,180,9787
2026-01-02 10:12:01,54.37,182,9895
2026-01-02 10:12:02,54.37,195,10602
2026-01-02 10:12:03,54.37,209,11363
2026-01-02 10:12:04,54.37,152,8264
2026-01-02 10:12:05,54.37,162,8808
2026-01-02 10:12:06,54.37,190,10330
2026-01-02 10:12:07,54.37,194,10548
2026-01-02 10:12:08,54.37,180,9787
2026-01-02 10:12:09,54.37,159,8645
2026-01-02 10:12:10,54.37,187,10167
2026-01-02 10:12:11,54.37,184,10004
2026-01-02 10:12:12,54.37,164,8917
2026-01-02 10:12:13,54.37,179,9732
2026-01-02 10:12:14,54.37,171,9297
2026-01-02 10:12:15,54.37,205,11146
2026-01-02 10:12:16,54.37,182,9895
2026-01-02 10:12:17,54.37,163,8862
2026-01-02 10:12:18,54.37,153,8319
2026-01-02 10:12:19,54.37,189,10276
2026-01-02 10:12:20,54.37,183,9950
2026-01-02 10:12:21,54.37,191,10385
2026-01-02 10:12:22,54.37,154,8373
2026-01-02 10:12:23,54.37,175,9515
2026-01-02 10:12:24,54.37,176,9569
2026-01-02 10:12:25,54.37,167,9080
2026-01-02 10:12:26,54.37,177,9623
2026-01-02 10:12:27,54.37,202,10983
2026-01-02 10:12:28,54.37,200,10874
2026-01-02 10:12:29,54.37,190,10330
2026-01-02 10:12:30,54.37,176,9569
2026-01-02 10:12:31,54.37,162,8808
2026-01-02 10:12:32,54.37,174,9460
2026-01-02 10:12:33,54.37,159,8645
2026-01-02 10:12:34,54.37,179,9732
2026-01-02 10:12:35,54.37,164,8917
2026-01-02 10:12:36,54.37,181,9841
2026-01-02 10:12:37,54.37,169,9189
2026-01-02 10:12:38,54.37,177,9623
2026-01-02 10:12:39,54.37,159,8645
2026-01-02 10:12:40,54.37,147,7992
2026-01-02 10:12:41,54.37,172,9352
2026-01-02 10:12:42,54.37,184,10004
2026-01-02 10:12:43,54.37,190,10330
2026-01-02 10:12:44,54.37,156,8482
2026-01-02 10:12:45,54.37,190,10330
2026-01-02 10:12:46,54.37,178,9678
2026-01-02 10:12:47,54.37,196,10657
2026-01-02 10:12:48,54.37,171,9297
2026-01-02 10:12:49,54.37,152,8264
2026-01-02 10:12:50,54.37,180,9787
2026-01-02 10:12:51,54.37,170,9243
2026-01-02 10:12:52,54.37,180,9787
2026-01-02 10:12:53,54.37,198,10765
2026-01-02 10:12:54,54.37,182,9895
2026-01-02 10:12:55,54.37,183,9950
2026-01-02 10:12:56,54.37,161,8754
2026-01-02 10:12:57,54.37,174,9460
2026-01-02 10:12:58,54.37,201,10928
2026-01-02 10:12:59,54.37,161,8754
2026-01-02 10:13:00,54.37,192,10439
2026-01-02 10:13:01,54.37,191,10385
2026-01-02 10:13:02,54.37,191,10385
2026-01-02 10:13:03,54.37,187,10167
2026-01-02 10:13:04,54.37,188,10222
2026-01-02 10:13:05,54.37,177,9623
2026-01-02 10:13:06,54.37,202,10983
2026-01-02 10:13:07,54.37,188,10222
2026-01-02 10:13:08,54.37,185,10058
2026-01-02 10:13:09,54.37,169,9189
2026-01-02 10:13:10,54.37,174,9460
2026-01-02 10:13:11,54.37,159,8645
2026-01-02 10:13:12,54.37,183,9950
2026-01-02 10:13:13,54.37,182,9895
2026-01-02 10:13:14,54.37,150,8156
2026-01-02 10:13:15,54.37,188,10222
2026-01-02 10:13:16,54.37,169,9189
2026-01-02 10:13:17,54.37,174,9460
2026-01-02 10:13:18,54.37,192,10439
2026-01-02 10:13:19,54.37,166,9025
2026-01-02 10:13:20,54.37,174,9460
2026-01-02 10:13:21,54.37,171,9297
2026-01-02 10:13:22,54.37,184,10004
2026-01-02 10:13:23,54.37,193,10493
2026-01-02 10:13:24,54.37,172,9352
2026-01-02 10:13:25,54.37,178,9678
2026-01-02 10:13:26,54.37,169,9189
2026-01-02 10:13:27,54.37,152,8264
2026-01-02 10:13:28,54.37,177,9623
2026-01-02 10:13:29,54.37,189,10276
2026-01-02 10:13:30,54.37,172,9352
2026-01-02 10:13:31,54.37,171,9297
2026-01-02 10:13:32,54.37,163,8862
2026-01-02 10:13:33,54.37,179,9732
2026-01-02 10:13:34,54.37,164,8917
2026-01-02 10:13:35,54.37,158,8590
2026-01-02 10:13:36,54.37,178,9678
2026-01-02 10:13:37,54.37,178,9678
2026-01-02 10:13:38,54.37,153,8319
2026-01-02 10:13:39,54.37,182,9895
2026-01-02 10:13:40,54.37,185,10058
2026-01-02 10:13:41,54.37,164,8917
2026-01-02 10:13:42,54.37,172,9352
2026-01-02 10:13:43,54.37,165,8971
2026-01-02 10:13:44,54.37,175,9515
2026-01-02 10:13:45,54.37,188,10222
2026-01-02 10:13:46,54.37,161,8754
2026-01-02 10:13:47,54.37,176,9569
2026-01-02 10:13:48,54.37,184,10004
2026-01-02 10:13:49,54.37,174,9460
2026-01-02 10:13:50,54.37,162,8808
2026-01-02 10:13:51,54.37,175,9515
2026-01-02 10:13:52,54.37,161,8754
2026-01-02 10:13:53,54.37,187,10167
2026-01-02 10:13:54,54.37,166,9025
2026-01-02 10:13:55,54.37,171,9297
2026-01-02 10:13:56,54.37,181,9841
2026-01-02 10:13:57,54.37,169,9189
2026-01-02 10:13:58,54.37,160,8699
2026-01-02 10:13:59,54.37,169,9189
2026-01-02 10:14:00,54.37,172,9352
2026-01-02 10:14:01,54.37,160,8699
2026-01-02 10:14:02,54.37,205,11146
2026-01-02 10:14:03,54.37,186,10113
2026-01-02 10:14:04,54.37,183,9950
2026-01-02 10:14:05,54.37,179,9732
2026-01-02 10:14:06,54.37,175,9515
2026-01-02 10:14:07,54.37,160,8699
2026-01-02 10:14:08,54.37,171,9297
2026-01-02 10:14:09,54.37,166,9025
2026-01-02 10:14:10,54.37,173,9406
2026-01-02 10:14:11,54.37,192,10439
2026-01-02 10:14:12,54.37,181,9841
2026-01-02 10:14:13,54.37,166,9025
2026-01-02 10:14:14,54.37,167,9080
2026-01-02 10:14:15,54.37,140,7612
2026-01-02 10:14:16,54.37,187,10167
2026-01-02 10:14:17,54.37,161,8754
2026-01-02 10:14:18,54.37,159,8645
2026-01-02 10:14:19,54.37,190,10330
2026-01-02 10:14:20,54.37,166,9025
2026-01-02 10:14:21,54.37,177,9623
2026-01-02 10:14:22,54.37,158,8590
2026-01-02 10:14:23,54.37,199,10820
2026-01-02 10:14:24,54.37,170,9243
2026-01-02 10:14:25,54.37,169,9189
2026-01-02 10:14:26,54.37,157,8536
2026-01-02 10:14:27,54.37,169,9189
2026-01-02 10:14:28,54.37,168,9134
2026-01-02 10:14:29,54.37,155,8427
2026-01-02 10:14:30,54.37,175,9515
2026-01-02 10:14:31,54.37,176,9569
2026-01-02 10:14:32,54.37,166,9025
2026-01-02 10:14:33,54.37,153,8319
2026-01-02 10:14:34,54.37,190,10330
2026-01-02 10:14:35,54.37,174,9460
2026-01-02 10:14:36,54.37,171,9297
2026-01-02 10:14:37,54.37,181,9841
2026-01-02 10:14:38,54.37,173,9406
2026-01-02 10:14:39,54.37,151,8210
2026-01-02 10:14:40,54.37,176,9569
2026-01-02 10:14:41,54.37,196,10657
2026-01-02 10:14:42,54.37,186,10113
2026-01-02 10:14:43,54.37,195,10602
2026-01-02 10:14:44,54.37,173,9406
2026-01-02 10:14:45,54.37,169,9189
2026-01-02 10:14:46,54.37,196,10657
2026-01-02 10:14:47,54.37,159,8645
2026-01-02 10:14:48,54.37,158,8590
2026-01-02 10:14:49,54.37,208,11309
2026-01-02 10:14:50,54.37,150,8156
2026-01-02 10:14:51,54.37,170,9243
2026-01-02 10:14:52,54.37,182,9895
2026-01-02 10:14:53,54.37,139,7557
2026-01-02 10:14:54,54.37,169,9189
2026-01-02 10:14:55,54.37,165,8971
2026-01-02 10:14:56,54.37,189,10276
2026-01-02 10:14:57,54.37,173,9406
2026-01-02 10:14:58,54.37,180,9787
2026-01-02 10:14:59,54.37,191,10385
2026-01-02 10:15:00,54.37,165,8971
2026-01-02 10:15:01,54.37,170,9243
2026-01-02 10:15:02,54.37,145,7884
2026-01-02 10:15:03,54.37,164,8917
2026-01-02 10:15:04,54.37,179,9732
2026-01-02 10:15:05,54.37,183,9950
2026-01-02 10:15:06,54.37,181,9841
2026-01-02 10:15:07,54.37,180,9787
2026-01-02 10:15:08,54.37,188,10222
2026-01-02 10:15:09,54.37,172,9352
2026-01-02 10:15:10,54.37,175,9515
2026-01-02 10:15:11,54.37,188,10222
2026-01-02 10:15:12,54.37,179,9732
2026-01-02 10:15:13,54.37,171,9297
2026-01-02 10:15:14,54.37,158,8590
2026-01-02 10:15:15,54.37,180,9787
2026-01-02 10:15:16,54.37,177,9623
2026-01-02 10:15:17,54.37,191,10385
2026-01-02 10:15:18,54.37,160,8699
2026-01-02 10:15:19,54.37,176,9569
2026-01-02 10:15:20,54.37,152,8264
2026-01-02 10:15:21,54.37,184,10004
2026-01-02 10:15:22,54.37,162,8808
2026-01-02 10:15:23,54.37,199,10820
2026-01-02 10:15:24,54.37,151,8210
2026-01-02 10:15:25,54.37,163,8862
2026-01-02 10:15:26,54.37,154,8373
2026-01-02 10:15:27,54.37,139,7557
2026-01-02 10:15:28,54.37,175,9515
2026-01-02 10:15:29,54.37,188,10222
2026-01-02 10:15:30,54.37,189,10276
2026-01-02 10:15:31,54.37,178,9678
2026-01-02 10:15:32,54.37,163,8862
2026-01-02 10:15:33,54.37,175,9515
2026-01-02 10:15:34,54.37,178,9678
2026-01-02 10:15:35,54.37,174,9460
2026-01-02 10:15:36,54.37,170,9243
2026-01-02 10:15:37,54.37,168,9134
2026-01-02 10:15:38,54.37,191,10385
2026-01-02 10:15:39,54.37,201,10928
2026-01-02 10:15:40,54.37,182,9895
2026-01-02 10:15:41,54.37,169,9189
2026-01-02 10:15:42,54.37,157,8536
2026-01-02 10:15:43,54.37,194,10548
2026-01-02 10:15:44,54.37,177,9623
2026-01-02 10:15:45,54.37,174,9460
2026-01-02 10:15:46,54.37,162,8808
2026-01-02 10:15:47,54.37,185,10058
2026-01-02 10:15:48,54.37,187,10167
2026-01-02 10:15:49,54.37,184,10004
2026-01-02 10:15:50,54.37,175,9515
2026-01-02 10:15:51,54.37,192,10439
2026-01-02 10:15:52,54.37,169,9189
2026-01-02 10:15:53,54.37,177,9623
2026-01-02 10:15:54,54.37,169,9189
2026-01-02 10:15:55,54.37,174,9460
2026-01-02 10:15:56,54.37,182,9895
2026-01-02 10:15:57,54.37,164,8917
2026-01-02 10:15:58,54.37,143,7775
2026-01-02 10:15:59,54.37,160,8699
2026-01-02 10:16:00,54.37,171,9297
2026-01-02 10:16:01,54.37,199,10820
2026-01-02 10:16:02,54.37,170,9243
2026-01-02 10:16:03,54.37,193,10493
2026-01-02 10:16:04,54.37,189,10276
2026-01-02 10:16:05,54.37,171,9297
2026-01-02 10:16:06,54.37,175,9515
2026-01-02 10:16:07,54.37,151,8210
2026-01-02 10:16:08,54.37,170,9243
2026-01-02 10:16:09,54.37,187,10167
2026-01-02 10:16:10,54.37,161,8754
2026-01-02 10:16:11,54.37,182,9895
2026-01-02 10:16:12,54.37,179,9732
2026-01-02 10:16:13,54.37,191,10385
2026-01-02 10:16:14,54.37,172,9352
2026-01-02 10:16:15,54.37,159,8645
2026-01-02 10:16:16,54.37,163,8862
2026-01-02 10:16:17,54.37,138,7503
2026-01-02 10:16:18,54.37,169,9189
2026-01-02 10:16:19,54.37,168,9134
2026-01-02 10:16:20,54.37,177,9623
2026-01-02 10:16:21,54.37,182,9895
2026-01-02 10:16:22,54.37,145,7884
2026-01-02 10:16:23,54.37,185,10058
2026-01-02 10:16:24,54.37,165,8971
2026-01-02 10:16:25,54.37,157,8536
2026-01-02 10:16:26,54.37,168,9134
2026-01-02 10:16:27,54.37,166,9025
2026-01-02 10:16:28,54.37,174,9460
