timestamp,price,volume,amount
2026-01-02 09:30:00,16.36,674,11027
2026-01-02 09:30:01,16.38,677,11089
2026-01-02 09:30:02,16.53,717,11852
2026-01-02 09:30:03,16.49,731,12054
2026-01-02 09:30:04,16.48,654,10778
2026-01-02 09:30:05,16.53,723,11951
2026-01-02 09:30:06,16.53,723,11951
2026-01-02 09:30:07,16.53,705,11654
2026-01-02 09:30:08,16.53,671,11092
2026-01-02 09:30:09,16.53,710,11736
2026-01-02 09:30:10,16.53,679,11224
2026-01-02 09:30:11,16.53,686,11340
2026-01-02 09:30:12,16.51,660,10897
2026-01-02 09:30:13,16.46,709,11670
2026-01-02 09:30:14,16.51,647,10682
2026-01-02 09:30:15,16.43,675,11090
2026-01-02 09:30:16,16.43,665,10926
2026-01-02 09:30:17,16.36,684,11190
2026-01-02 09:30:18,16.53,708,11703
2026-01-02 09:30:19,16.50,680,11220
2026-01-02 09:30:20,16.50,662,10923
2026-01-02 09:30:21,16.44,727,11952
2026-01-02 09:30:22,16.47,669,11018
2026-01-02 09:30:23,16.37,652,10673
2026-01-02 09:30:24,16.30,697,11361
2026-01-02 09:30:25,16.27,681,11080
2026-01-02 09:30:26,16.24,750,12180
2026-01-02 09:30:27,16.31,682,11123
2026-01-02 09:30:28,16.32,680,11098
2026-01-02 09:30:29,16.33,672,10974
2026-01-02 09:30:30,16.34,677,11062
2026-01-02 09:30:31,16.29,676,11012
2026-01-02 09:30:32,16.31,717,11694
2026-01-02 09:30:33,16.34,668,10915
2026-01-02 09:30:34,16.36,649,10618
2026-01-02 09:30:35,16.30,676,11019
2026-01-02 09:30:36,16.28,634,10322
2026-01-02 09:30:37,16.34,681,11128
2026-01-02 09:30:38,16.33,677,11055
2026-01-02 09:30:39,16.32,644,10510
2026-01-02 09:30:40,16.22,669,10851
2026-01-02 09:30:41,16.22,698,11322
2026-01-02 09:30:42,16.22,675,10948
2026-01-02 09:30:43,16.26,692,11252
2026-01-02 09:30:44,16.23,666,10809
2026-01-02 09:30:45,16.22,710,11516
2026-01-02 09:30:46,16.22,714,11581
2026-01-02 09:30:47,16.22,709,11500
2026-01-02 09:30:48,16.23,619,10046
2026-01-02 09:30:49,16.24,677,10994
2026-01-02 09:30:50,16.22,625,10138
2026-01-02 09:30:51,16.22,692,11224
2026-01-02 09:30:52,16.22,688,11159
2026-01-02 09:30:53,16.22,686,11127
2026-01-02 09:30:54,16.26,678,11024
2026-01-02 09:30:55,16.30,687,11198
2026-01-02 09:30:56,16.35,668,10922
2026-01-02 09:30:57,16.22,743,12051
2026-01-02 09:30:58,16.29,700,11403
2026-01-02 09:30:59,16.22,689,11176
2026-01-02 09:31:00,16.24,707,11482
2026-01-02 09:31:01,16.22,655,10624
2026-01-02 09:31:02,16.24,684,11108
2026-01-02 09:31:03,16.22,700,11354
2026-01-02 09:31:04,16.22,675,10948
2026-01-02 09:31:05,16.22,702,11386
2026-01-02 09:31:06,16.35,708,11576
2026-01-02 09:31:07,16.46,666,10962
2026-01-02 09:31:08,16.41,669,10978
2026-01-02 09:31:09,16.37,673,11017
2026-01-02 09:31:10,16.23,672,10907
2026-01-02 09:31:11,16.27,673,10950
2026-01-02 09:31:12,16.23,625,10144
2026-01-02 09:31:13,16.26,706,11480
2026-01-02 09:31:14,16.22,696,11289
2026-01-02 09:31:15,16.22,670,10867
2026-01-02 09:31:16,16.22,648,10511
2026-01-02 09:31:17,16.22,647,10494
2026-01-02 09:31:18,16.22,699,11338
2026-01-02 09:31:19,16.22,700,11354
2026-01-02 09:31:20,16.23,675,10955
2026-01-02 09:31:21,16.22,629,10202
2026-01-02 09:31:22,16.22,644,10446
2026-01-02 09:31:23,16.26,681,11073
2026-01-02 09:31:24,16.22,672,10900
2026-01-02 09:31:25,16.22,688,11159
2026-01-02 09:31:26,16.22,701,11370
2026-01-02 09:31:27,16.22,636,10316
2026-01-02 09:31:28,16.22,648,10511
2026-01-02 09:31:29,16.22,641,10397
2026-01-02 09:31:30,16.22,742,12035
2026-01-02 09:31:31,16.22,690,11192
2026-01-02 09:31:32,16.22,647,10494
2026-01-02 09:31:33,16.22,694,11257
2026-01-02 09:31:34,16.22,679,11013
2026-01-02 09:31:35,16.22,676,10965
2026-01-02 09:31:36,16.22,684,11094
2026-01-02 09:31:37,16.22,706,11451
2026-01-02 09:31:38,16.22,611,9910
2026-01-02 09:31:39,16.22,690,11192
2026-01-02 09:31:40,16.22,650,10543
2026-01-02 09:31:41,16.22,711,11532
2026-01-02 09:31:42,16.22,641,10397
2026-01-02 09:31:43,16.22,727,11792
2026-01-02 09:31:44,16.22,690,11192
2026-01-02 09:31:45,16.22,716,11614
2026-01-02 09:31:46,16.22,683,11078
2026-01-02 09:31:47,16.22,662,10738
2026-01-02 09:31:48,16.22,660,10705
2026-01-02 09:31:49,16.22,690,11192
2026-01-02 09:31:50,16.22,661,10721
2026-01-02 09:31:51,16.22,711,11532
2026-01-02 09:31:52,16.22,631,10235
2026-01-02 09:31:53,16.22,674,10932
2026-01-02 09:31:54,16.22,639,10365
2026-01-02 09:31:55,16.22,634,10283
2026-01-02 09:31:56,16.22,605,9813
2026-01-02 09:31:57,16.22,647,10494
2026-01-02 09:31:58,16.22,704,11419
2026-01-02 09:31:59,16.22,649,10527
2026-01-02 09:32:00,16.22,656,10640
2026-01-02 09:32:01,16.22,697,11305
2026-01-02 09:32:02,16.22,608,9862
2026-01-02 09:32:03,16.22,659,10689
2026-01-02 09:32:04,16.22,674,10932
2026-01-02 09:32:05,16.22,652,10575
2026-01-02 09:32:06,16.22,671,10884
2026-01-02 09:32:07,16.22,695,11273
2026-01-02 09:32:08,16.22,635,10300
2026-01-02 09:32:09,16.22,633,10267
2026-01-02 09:32:10,16.22,649,10527
2026-01-02 09:32:11,16.22,661,10721
2026-01-02 09:32:12,16.22,661,10721
2026-01-02 09:32:13,16.22,652,10575
2026-01-02 09:32:14,16.22,642,10413
2026-01-02 09:32:15,16.22,706,11451
2026-01-02 09:32:16,16.22,689,11176
2026-01-02 09:32:17,16.22,642,10413
2026-01-02 09:32:18,16.22,676,10965
2026-01-02 09:32:19,16.22,691,11208
2026-01-02 09:32:20,16.22,679,11013
2026-01-02 09:32:21,16.22,664,10770
2026-01-02 09:32:22,16.22,639,10365
2026-01-02 09:32:23,16.22,678,10997
2026-01-02 09:32:24,16.22,654,10608
2026-01-02 09:32:25,16.22,705,11435
2026-01-02 09:32:26,16.22,662,10738
2026-01-02 09:32:27,16.22,688,11159
2026-01-02 09:32:28,16.22,684,11094
2026-01-02 09:32:29,16.22,688,11159
2026-01-02 09:32:30,16.22,666,10803
2026-01-02 09:32:31,16.22,677,10981
2026-01-02 09:32:32,16.22,658,10673
2026-01-02 09:32:33,16.22,690,11192
2026-01-02 09:32:34,16.22,642,10413
2026-01-02 09:32:35,16.22,657,10657
2026-01-02 09:32:36,16.22,633,10267
2026-01-02 09:32:37,16.22,622,10089
2026-01-02 09:32:38,16.22,633,10267
2026-01-02 09:32:39,16.22,729,11824
2026-01-02 09:32:40,16.22,660,10705
2026-01-02 09:32:41,16.22,672,10900
2026-01-02 09:32:42,16.22,650,10543
2026-01-02 09:32:43,16.22,685,11111
2026-01-02 09:32:44,16.22,706,11451
2026-01-02 09:32:45,16.22,690,11192
2026-01-02 09:32:46,16.22,655,10624
2026-01-02 09:32:47,16.22,673,10916
2026-01-02 09:32:48,16.22,626,10154
2026-01-02 09:32:49,16.22,664,10770
2026-01-02 09:32:50,16.22,670,10867
2026-01-02 09:32:51,16.22,666,10803
2026-01-02 09:32:52,16.22,647,10494
2026-01-02 09:32:53,16.22,659,10689
2026-01-02 09:32:54,16.22,669,10851
2026-01-02 09:32:55,16.22,656,10640
2026-01-02 09:32:56,16.22,680,11030
2026-01-02 09:32:57,16.22,692,11224
2026-01-02 09:32:58,16.22,635,10300
2026-01-02 09:32:59,16.22,624,10121
2026-01-02 09:33:00,16.22,657,10657
2026-01-02 09:33:01,16.22,680,11030
2026-01-02 09:33:02,16.22,684,11094
2026-01-02 09:33:03,16.22,679,11013
2026-01-02 09:33:04,16.22,654,10608
2026-01-02 09:33:05,16.22,673,10916
2026-01-02 09:33:06,16.22,649,10527
2026-01-02 09:33:07,16.22,659,10689
2026-01-02 09:33:08,16.22,663,10754
2026-01-02 09:33:09,16.22,648,10511
2026-01-02 09:33:10,16.22,679,11013
2026-01-02 09:33:11,16.22,693,11240
2026-01-02 09:33:12,16.22,646,10478
2026-01-02 09:33:13,16.22,654,10608
2026-01-02 09:33:14,16.22,653,10592
2026-01-02 09:33:15,16.22,653,10592
2026-01-02 09:33:16,16.22,642,10413
2026-01-02 09:33:17,16.22,656,10640
2026-01-02 09:33:18,16.22,653,10592
2026-01-02 09:33:19,16.22,647,10494
2026-01-02 09:33:20,16.22,646,10478
2026-01-02 09:33:21,16.22,683,11078
2026-01-02 09:33:22,16.22,655,10624
2026-01-02 09:33:23,16.22,657,10657
2026-01-02 09:33:24,16.22,666,10803
2026-01-02 09:33:25,16.22,661,10721
2026-01-02 09:33:26,16.22,708,11484
2026-01-02 09:33:27,16.22,628,10186
2026-01-02 09:33:28,16.22,650,10543
2026-01-02 09:33:29,16.22,624,10121
2026-01-02 09:33:30,16.22,652,10575
2026-01-02 09:33:31,16.22,635,10300
2026-01-02 09:33:32,16.22,705,11435
2026-01-02 09:33:33,16.22,690,11192
2026-01-02 09:33:34,16.22,651,10559
2026-01-02 09:33:35,16.22,595,9651
2026-01-02 09:33:36,16.22,627,10170
2026-01-02 09:33:37,16.22,663,10754
2026-01-02 09:33:38,16.22,615,9975
2026-01-02 09:33:39,16.22,651,10559
2026-01-02 09:33:40,16.22,669,10851
2026-01-02 09:33:41,16.22,606,9829
2026-01-02 09:33:42,16.22,677,10981
2026-01-02 09:33:43,16.22,637,10332
2026-01-02 09:33:44,16.22,707,11468
2026-01-02 09:33:45,16.22,651,10559
2026-01-02 09:33:46,16.22,617,10008
2026-01-02 09:33:47,16.22,663,10754
2026-01-02 09:33:48,16.22,689,11176
2026-01-02 09:33:49,16.22,626,10154
2026-01-02 09:33:50,16.22,699,11338
2026-01-02 09:33:51,16.22,644,10446
2026-01-02 09:33:52,16.22,663,10754
2026-01-02 09:33:53,16.22,702,11386
2026-01-02 09:33:54,16.22,641,10397
2026-01-02 09:33:55,16.22,643,10429
2026-01-02 09:33:56,16.22,650,10543
2026-01-02 09:33:57,16.22,681,11046
2026-01-02 09:33:58,16.22,662,10738
2026-01-02 09:33:59,16.22,650,10543
2026-01-02 09:34:00,16.22,656,10640
2026-01-02 09:34:01,16.22,627,10170
2026-01-02 09:34:02,16.22,636,10316
2026-01-02 09:34:03,16.22,666,10803
2026-01-02 09:34:04,16.22,646,10478
2026-01-02 09:34:05,16.22,673,10916
2026-01-02 09:34:06,16.22,624,10121
2026-01-02 09:34:07,16.22,659,10689
2026-01-02 09:34:08,16.22,658,10673
2026-01-02 09:34:09,16.22,605,9813
2026-01-02 09:34:10,16.22,677,10981
2026-01-02 09:34:11,16.22,674,10932
2026-01-02 09:34:12,16.22,646,10478
2026-01-02 09:34:13,16.22,667,10819
2026-01-02 09:34:14,16.22,660,10705
2026-01-02 09:34:15,16.22,610,9894
2026-01-02 09:34:16,16.22,636,10316
2026-01-02 09:34:17,16.22,666,10803
2026-01-02 09:34:18,16.22,624,10121
2026-01-02 09:34:19,16.22,598,9700
2026-01-02 09:34:20,16.22,600,9732
2026-01-02 09:34:21,16.22,629,10202
2026-01-02 09:34:22,16.22,607,9846
2026-01-02 09:34:23,16.22,656,10640
2026-01-02 09:34:24,16.22,677,10981
2026-01-02 09:34:25,16.22,670,10867
2026-01-02 09:34:26,16.22,668,10835
2026-01-02 09:34:27,16.22,586,9505
2026-01-02 09:34:28,16.22,692,11224
2026-01-02 09:34:29,16.22,614,9959
2026-01-02 09:34:30,16.22,668,10835
2026-01-02 09:34:31,16.22,586,9505
2026-01-02 09:34:32,16.22,676,10965
2026-01-02 09:34:33,16.22,676,10965
2026-01-02 09:34:34,16.22,641,10397
2026-01-02 09:34:35,16.22,652,10575
2026-01-02 09:34:36,16.22,679,11013
2026-01-02 09:34:37,16.22,626,10154
2026-01-02 09:34:38,16.22,644,10446
2026-01-02 09:34:39,16.22,567,9197
2026-01-02 09:34:40,16.22,627,10170
2026-01-02 09:34:41,16.22,652,10575
2026-01-02 09:34:42,16.22,647,10494
2026-01-02 09:34:43,16.22,629,10202
2026-01-02 09:34:44,16.22,666,10803
2026-01-02 09:34:45,16.22,654,10608
2026-01-02 09:34:46,16.22,630,10219
2026-01-02 09:34:47,16.22,620,10056
2026-01-02 09:34:48,16.22,617,10008
2026-01-02 09:34:49,16.22,621,10073
2026-01-02 09:34:50,16.22,613,9943
2026-01-02 09:34:51,16.22,587,9521
2026-01-02 09:34:52,16.22,653,10592
2026-01-02 09:34:53,16.22,623,10105
2026-01-02 09:34:54,16.22,651,10559
2026-01-02 09:34:55,16.22,674,10932
2026-01-02 09:34:56,16.22,652,10575
2026-01-02 09:34:57,16.22,605,9813
2026-01-02 09:34:58,16.22,672,10900
2026-01-02 09:34:59,16.22,642,10413
2026-01-02 09:35:00,16.22,622,10089
2026-01-02 09:35:01,16.22,649,10527
2026-01-02 09:35:02,16.22,655,10624
2026-01-02 09:35:03,16.22,659,10689
2026-01-02 09:35:04,16.22,608,9862
2026-01-02 09:35:05,16.22,608,9862
2026-01-02 09:35:06,16.22,623,10105
2026-01-02 09:35:07,16.22,639,10365
2026-01-02 09:35:08,16.22,659,10689
2026-01-02 09:35:09,16.22,664,10770
2026-01-02 09:35:10,16.22,691,11208
2026-01-02 09:35:11,16.22,651,10559
2026-01-02 09:35:12,16.22,655,10624
2026-01-02 09:35:13,16.22,650,10543
2026-01-02 09:35:14,16.22,667,10819
2026-01-02 09:35:15,16.22,646,10478
2026-01-02 09:35:16,16.22,613,9943
2026-01-02 09:35:17,16.22,662,10738
2026-01-02 09:35:18,16.22,586,9505
2026-01-02 09:35:19,16.22,677,10981
2026-01-02 09:35:20,16.22,606,9829
2026-01-02 09:35:21,16.22,590,9570
2026-01-02 09:35:22,16.22,689,11176
2026-01-02 09:35:23,16.22,641,10397
2026-01-02 09:35:24,16.22,644,10446
2026-01-02 09:35:25,16.22,621,10073
2026-01-02 09:35:26,16.22,617,10008
2026-01-02 09:35:27,16.22,607,9846
2026-01-02 09:35:28,16.22,669,10851
2026-01-02 09:35:29,16.22,655,10624
2026-01-02 09:35:30,16.22,613,9943
2026-01-02 09:35:31,16.22,643,10429
2026-01-02 09:35:32,16.22,605,9813
2026-01-02 09:35:33,16.22,614,9959
2026-01-02 09:35:34,16.22,609,9878
2026-01-02 09:35:35,16.22,650,10543
2026-01-02 09:35:36,16.22,622,10089
2026-01-02 09:35:37,16.22,663,10754
2026-01-02 09:35:38,16.22,649,10527
2026-01-02 09:35:39,16.22,641,10397
2026-01-02 09:35:40,16.22,659,10689
2026-01-02 09:35:41,16.22,659,10689
2026-01-02 09:35:42,16.22,644,10446
2026-01-02 09:35:43,16.22,619,10040
2026-01-02 09:35:44,16.22,674,10932
2026-01-02 09:35:45,16.22,635,10300
2026-01-02 09:35:46,16.22,636,10316
2026-01-02 09:35:47,16.22,656,10640
2026-01-02 09:35:48,16.22,653,10592
2026-01-02 09:35:49,16.22,613,9943
2026-01-02 09:35:50,16.22,694,11257
2026-01-02 09:35:51,16.22,607,9846
2026-01-02 09:35:52,16.22,606,9829
2026-01-02 09:35:53,16.22,650,10543
2026-01-02 09:35:54,16.22,628,10186
2026-01-02 09:35:55,16.22,633,10267
2026-01-02 09:35:56,16.22,610,9894
2026-01-02 09:35:57,16.22,631,10235
2026-01-02 09:35:58,16.22,641,10397
2026-01-02 09:35:59,16.22,632,10251
2026-01-02 09:36:00,16.22,626,10154
2026-01-02 09:36:01,16.22,680,11030
2026-01-02 09:36:02,16.22,626,10154
2026-01-02 09:36:03,16.22,616,9992
2026-01-02 09:36:04,16.22,650,10543
2026-01-02 09:36:05,16.22,650,10543
2026-01-02 09:36:06,16.22,657,10657
2026-01-02 09:36:07,16.22,647,10494
2026-01-02 09:36:08,16.22,644,10446
2026-01-02 09:36:09,16.22,652,10575
2026-01-02 09:36:10,16.22,618,10024
2026-01-02 09:36:11,16.22,614,9959
2026-01-02 09:36:12,16.22,627,10170
2026-01-02 09:36:13,16.22,617,10008
2026-01-02 09:36:14,16.22,633,10267
2026-01-02 09:36:15,16.22,621,10073
2026-01-02 09:36:16,16.22,635,10300
2026-01-02 09:36:17,16.22,632,10251
2026-01-02 09:36:18,16.22,617,10008
2026-01-02 09:36:19,16.22,628,10186
2026-01-02 09:36:20,16.22,696,11289
2026-01-02 09:36:21,16.22,634,10283
2026-01-02 09:36:22,16.22,651,10559
2026-01-02 09:36:23,16.22,646,10478
2026-01-02 09:36:24,16.22,673,10916
2026-01-02 09:36:25,16.22,630,10219
2026-01-02 09:36:26,16.22,592,9602
2026-01-02 09:36:27,16.22,659,10689
2026-01-02 09:36:28,16.22,595,9651
2026-01-02 09:36:29,16.22,598,9700
2026-01-02 09:36:30,16.22,669,10851
2026-01-02 09:36:31,16.22,610,9894
2026-01-02 09:36:32,16.22,632,10251
2026-01-02 09:36:33,16.22,632,10251
2026-01-02 09:36:34,16.22,616,9992
2026-01-02 09:36:35,16.22,635,10300
2026-01-02 09:36:36,16.22,653,10592
2026-01-02 09:36:37,16.22,627,10170
2026-01-02 09:36:38,16.22,653,10592
2026-01-02 09:36:39,16.22,652,10575
2026-01-02 09:36:40,16.22,594,9635
2026-01-02 09:36:41,16.22,640,10381
2026-01-02 09:36:42,16.22,648,10511
2026-01-02 09:36:43,16.22,662,10738
2026-01-02 09:36:44,16.22,619,10040
2026-01-02 09:36:45,16.22,669,10851
2026-01-02 09:36:46,16.22,700,11354
2026-01-02 09:36:47,16.22,568,9213
2026-01-02 09:36:48,16.22,610,9894
2026-01-02 09:36:49,16.22,646,10478
2026-01-02 09:36:50,16.22,636,10316
2026-01-02 09:36:51,16.22,629,10202
2026-01-02 09:36:52,16.22,621,10073
2026-01-02 09:36:53,16.22,595,9651
2026-01-02 09:36:54,16.22,640,10381
2026-01-02 09:36:55,16.22,620,10056
2026-01-02 09:36:56,16.22,656,10640
2026-01-02 09:36:57,16.22,655,10624
2026-01-02 09:36:58,16.22,603,9781
2026-01-02 09:36:59,16.22,644,10446
2026-01-02 09:37:00,16.22,609,9878
2026-01-02 09:37:01,16.22,611,9910
2026-01-02 09:37:02,16.22,623,10105
2026-01-02 09:37:03,16.22,620,10056
2026-01-02 09:37:04,16.22,649,10527
2026-01-02 09:37:05,16.22,651,10559
2026-01-02 09:37:06,16.22,658,10673
2026-01-02 09:37:07,16.22,670,10867
2026-01-02 09:37:08,16.22,629,10202
2026-01-02 09:37:09,16.22,620,10056
2026-01-02 09:37:10,16.22,618,10024
2026-01-02 09:37:11,16.22,615,9975
2026-01-02 09:37:12,16.22,576,9343
2026-01-02 09:37:13,16.22,643,10429
2026-01-02 09:37:14,16.22,595,9651
2026-01-02 09:37:15,16.22,602,9764
2026-01-02 09:37:16,16.22,653,10592
2026-01-02 09:37:17,16.22,650,10543
2026-01-02 09:37:18,16.22,635,10300
2026-01-02 09:37:19,16.22,678,10997
2026-01-02 09:37:20,16.22,647,10494
2026-01-02 09:37:21,16.22,632,10251
2026-01-02 09:37:22,16.22,623,10105
2026-01-02 09:37:23,16.22,642,10413
2026-01-02 09:37:24,16.22,617,10008
2026-01-02 09:37:25,16.22,624,10121
2026-01-02 09:37:26,16.22,657,10657
2026-01-02 09:37:27,16.22,644,10446
2026-01-02 09:37:28,16.22,630,10219
2026-01-02 09:37:29,16.22,642,10413
2026-01-02 09:37:30,16.22,622,10089
2026-01-02 09:37:31,16.22,630,10219
2026-01-02 09:37:32,16.22,653,10592
2026-01-02 09:37:33,16.22,624,10121
2026-01-02 09:37:34,16.29,640,10426
2026-01-02 09:37:35,16.25,652,10595
2026-01-02 09:37:36,16.27,634,10315
2026-01-02 09:37:37,16.27,612,9957
2026-01-02 09:37:38,16.22,672,10900
2026-01-02 09:37:39,16.22,627,10170
2026-01-02 09:37:40,16.22,633,10267
2026-01-02 09:37:41,16.22,612,9927
2026-01-02 09:37:42,16.22,581,9424
2026-01-02 09:37:43,16.22,622,10089
2026-01-02 09:37:44,16.24,646,10491
2026-01-02 09:37:45,16.22,629,10202
2026-01-02 09:37:46,16.22,623,10105
2026-01-02 09:37:47,16.22,595,9651
2026-01-02 09:37:48,16.22,630,10219
2026-01-02 09:37:49,16.22,624,10121
2026-01-02 09:37:50,16.22,618,10024
2026-01-02 09:37:51,16.22,634,10283
2026-01-02 09:37:52,16.22,605,9813
2026-01-02 09:37:53,16.22,603,9781
2026-01-02 09:37:54,16.22,626,10154
2026-01-02 09:37:55,16.22,639,10365
2026-01-02 09:37:56,16.22,602,9764
2026-01-02 09:37:57,16.22,601,9748
2026-01-02 09:37:58,16.22,621,10073
2026-01-02 09:37:59,16.22,632,10251
2026-01-02 09:38:00,16.22,630,10219
2026-01-02 09:38:01,16.22,600,9732
2026-01-02 09:38:02,16.22,623,10105
2026-01-02 09:38:03,16.22,594,9635
2026-01-02 09:38:04,16.22,641,10397
2026-01-02 09:38:05,16.22,670,10867
2026-01-02 09:38:06,16.22,633,10267
2026-01-02 09:38:07,16.22,650,10543
2026-01-02 09:38:08,16.22,565,9164
2026-01-02 09:38:09,16.22,649,10527
2026-01-02 09:38:10,16.22,637,10332
2026-01-02 09:38:11,16.22,660,10705
2026-01-02 09:38:12,16.22,581,9424
2026-01-02 09:38:13,16.22,590,9570
2026-01-02 09:38:14,16.22,615,9975
2026-01-02 09:38:15,16.22,604,9797
2026-01-02 09:38:16,16.26,604,9821
2026-01-02 09:38:17,16.32,619,10102
2026-01-02 09:38:18,16.33,635,10370
2026-01-02 09:38:19,16.31,652,10634
2026-01-02 09:38:20,16.33,603,9847
2026-01-02 09:38:21,16.24,624,10134
2026-01-02 09:38:22,16.26,647,10520
2026-01-02 09:38:23,16.25,619,10059
2026-01-02 09:38:24,16.22,603,9781
2026-01-02 09:38:25,16.22,601,9748
2026-01-02 09:38:26,16.35,626,10235
2026-01-02 09:38:27,16.44,591,9716
2026-01-02 09:38:28,16.46,642,10567
2026-01-02 09:38:29,16.42,629,10328
2026-01-02 09:38:30,16.34,639,10441
2026-01-02 09:38:31,16.36,654,10699
2026-01-02 09:38:32,16.49,629,10372
2026-01-02 09:38:33,16.50,638,10527
2026-01-02 09:38:34,16.53,608,10050
2026-01-02 09:38:35,16.53,619,10232
2026-01-02 09:38:36,16.52,623,10292
2026-01-02 09:38:37,16.53,583,9637
2026-01-02 09:38:38,16.48,628,10349
2026-01-02 09:38:39,16.53,655,10827
2026-01-02 09:38:40,16.53,575,9505
2026-01-02 09:38:41,16.53,597,9868
2026-01-02 09:38:42,16.48,621,10234
2026-01-02 09:38:43,16.46,619,10189
2026-01-02 09:38:44,16.48,623,10267
2026-01-02 09:38:45,16.53,647,10695
2026-01-02 09:38:46,16.52,590,9747
2026-01-02 09:38:47,16.47,634,10442
2026-01-02 09:38:48,16.53,618,10216
2026-01-02 09:38:49,16.53,615,10166
2026-01-02 09:38:50,16.49,638,10521
2026-01-02 09:38:51,16.53,667,11026
2026-01-02 09:38:52,16.51,627,10352
2026-01-02 09:38:53,16.37,610,9986
2026-01-02 09:38:54,16.48,589,9707
2026-01-02 09:38:55,16.47,618,10178
2026-01-02 09:38:56,16.43,639,10499
2026-01-02 09:38:57,16.53,627,10364
2026-01-02 09:38:58,16.53,641,10596
2026-01-02 09:38:59,16.53,613,10133
2026-01-02 09:39:00,16.53,590,9753
2026-01-02 09:39:01,16.49,589,9713
2026-01-02 09:39:02,16.43,680,11172
2026-01-02 09:39:03,16.47,618,10178
2026-01-02 09:39:04,16.44,623,10242
2026-01-02 09:39:05,16.39,598,9801
2026-01-02 09:39:06,16.39,564,9244
2026-01-02 09:39:07,16.38,633,10369
2026-01-02 09:39:08,16.31,638,10406
2026-01-02 09:39:09,16.22,626,10154
2026-01-02 09:39:10,16.24,645,10475
2026-01-02 09:39:11,16.25,603,9799
2026-01-02 09:39:12,16.25,623,10124
2026-01-02 09:39:13,16.26,657,10683
2026-01-02 09:39:14,16.37,663,10853
2026-01-02 09:39:15,16.37,587,9609
2026-01-02 09:39:16,16.36,614,10045
2026-01-02 09:39:17,16.39,619,10145
2026-01-02 09:39:18,16.40,620,10168
2026-01-02 09:39:19,16.29,604,9839
2026-01-02 09:39:20,16.24,594,9647
2026-01-02 09:39:21,16.34,684,11177
2026-01-02 09:39:22,16.27,616,10022
2026-01-02 09:39:23,16.30,603,9829
2026-01-02 09:39:24,16.32,577,9417
2026-01-02 09:39:25,16.35,584,9548
2026-01-02 09:39:26,16.41,627,10289
2026-01-02 09:39:27,16.46,630,10370
2026-01-02 09:39:28,16.45,608,10002
2026-01-02 09:39:29,16.33,629,10272
2026-01-02 09:39:30,16.23,597,9689
2026-01-02 09:39:31,16.26,610,9919
2026-01-02 09:39:32,16.25,601,9766
2026-01-02 09:39:33,16.31,574,9362
2026-01-02 09:39:34,16.28,574,9345
2026-01-02 09:39:35,16.31,623,10161
2026-01-02 09:39:36,16.22,586,9505
2026-01-02 09:39:37,16.26,654,10634
2026-01-02 09:39:38,16.22,589,9554
2026-01-02 09:39:39,16.22,599,9716
2026-01-02 09:39:40,16.22,587,9521
2026-01-02 09:39:41,16.22,643,10429
2026-01-02 09:39:42,16.22,655,10624
2026-01-02 09:39:43,16.22,590,9570
2026-01-02 09:39:44,16.22,605,9813
2026-01-02 09:39:45,16.23,644,10452
2026-01-02 09:39:46,16.22,634,10283
2026-01-02 09:39:47,16.22,592,9602
2026-01-02 09:39:48,16.22,620,10056
2026-01-02 09:39:49,16.22,545,8840
2026-01-02 09:39:50,16.22,597,9683
2026-01-02 09:39:51,16.22,594,9635
2026-01-02 09:39:52,16.22,648,10511
2026-01-02 09:39:53,16.22,544,8824
2026-01-02 09:39:54,16.22,634,10283
2026-01-02 09:39:55,16.22,610,9894
2026-01-02 09:39:56,16.22,586,9505
2026-01-02 09:39:57,16.22,549,8905
2026-01-02 09:39:58,16.22,632,10251
2026-01-02 09:39:59,16.22,630,10219
2026-01-02 09:40:00,16.22,633,10267
2026-01-02 09:40:01,16.24,595,9663
2026-01-02 09:40:02,16.23,584,9478
2026-01-02 09:40:03,16.22,590,9570
2026-01-02 09:40:04,16.23,675,10955
2026-01-02 09:40:05,16.22,628,10186
2026-01-02 09:40:06,16.34,596,9739
2026-01-02 09:40:07,16.44,619,10176
2026-01-02 09:40:08,16.53,649,10728
2026-01-02 09:40:09,16.53,568,9389
2026-01-02 09:40:10,16.53,640,10579
2026-01-02 09:40:11,16.53,614,10149
2026-01-02 09:40:12,16.53,615,10166
2026-01-02 09:40:13,16.53,621,10265
2026-01-02 09:40:14,16.53,604,9984
2026-01-02 09:40:15,16.53,552,9125
2026-01-02 09:40:16,16.48,603,9937
2026-01-02 09:40:17,16.43,626,10285
2026-01-02 09:40:18,16.53,594,9819
2026-01-02 09:40:19,16.46,629,10353
2026-01-02 09:40:20,16.42,590,9688
2026-01-02 09:40:21,16.45,630,10364
2026-01-02 09:40:22,16.43,615,10104
2026-01-02 09:40:23,16.40,550,9020
2026-01-02 09:40:24,16.31,585,9541
2026-01-02 09:40:25,16.31,583,9509
2026-01-02 09:40:26,16.34,603,9853
2026-01-02 09:40:27,16.43,564,9267
2026-01-02 09:40:28,16.50,597,9850
2026-01-02 09:40:29,16.53,598,9885
2026-01-02 09:40:30,16.46,578,9514
2026-01-02 09:40:31,16.44,540,8878
2026-01-02 09:40:32,16.48,618,10185
2026-01-02 09:40:33,16.41,582,9551
2026-01-02 09:40:34,16.33,618,10092
2026-01-02 09:40:35,16.35,620,10137
2026-01-02 09:40:36,16.30,617,10057
2026-01-02 09:40:37,16.32,570,9302
2026-01-02 09:40:38,16.41,574,9419
2026-01-02 09:40:39,16.36,602,9849
2026-01-02 09:40:40,16.42,621,10197
2026-01-02 09:40:41,16.38,636,10418
2026-01-02 09:40:42,16.22,613,9943
2026-01-02 09:40:43,16.22,624,10121
2026-01-02 09:40:44,16.23,648,10517
2026-01-02 09:40:45,16.22,612,9927
2026-01-02 09:40:46,16.22,596,9667
2026-01-02 09:40:47,16.22,598,9700
2026-01-02 09:40:48,16.22,572,9278
2026-01-02 09:40:49,16.22,611,9910
2026-01-02 09:40:50,16.25,583,9474
2026-01-02 09:40:51,16.22,640,10381
2026-01-02 09:40:52,16.22,603,9781
2026-01-02 09:40:53,16.22,595,9651
2026-01-02 09:40:54,16.28,600,9768
2026-01-02 09:40:55,16.30,623,10155
2026-01-02 09:40:56,16.37,639,10460
2026-01-02 09:40:57,16.32,609,9939
2026-01-02 09:40:58,16.40,596,9774
2026-01-02 09:40:59,16.43,638,10482
2026-01-02 09:41:00,16.36,565,9243
2026-01-02 09:41:01,16.33,630,10288
2026-01-02 09:41:02,16.30,630,10269
2026-01-02 09:41:03,16.22,558,9051
2026-01-02 09:41:04,16.22,606,9829
2026-01-02 09:41:05,16.22,597,9683
2026-01-02 09:41:06,16.29,586,9546
2026-01-02 09:41:07,16.28,614,9996
2026-01-02 09:41:08,16.25,604,9815
2026-01-02 09:41:09,16.22,592,9602
2026-01-02 09:41:10,16.22,562,9116
2026-01-02 09:41:11,16.22,613,9943
2026-01-02 09:41:12,16.22,623,10105
2026-01-02 09:41:13,16.22,627,10170
2026-01-02 09:41:14,16.22,628,10186
2026-01-02 09:41:15,16.22,604,9797
2026-01-02 09:41:16,16.22,609,9878
2026-01-02 09:41:17,16.22,617,10008
2026-01-02 09:41:18,16.22,587,9521
2026-01-02 09:41:19,16.22,583,9456
2026-01-02 09:41:20,16.22,612,9927
2026-01-02 09:41:21,16.22,569,9229
2026-01-02 09:41:22,16.22,574,9310
2026-01-02 09:41:23,16.22,546,8856
2026-01-02 09:41:24,16.22,600,9732
2026-01-02 09:41:25,16.22,571,9262
2026-01-02 09:41:26,16.22,609,9878
2026-01-02 09:41:27,16.22,588,9537
2026-01-02 09:41:28,16.22,587,9521
2026-01-02 09:41:29,16.22,599,9716
2026-01-02 09:41:30,16.22,611,9910
2026-01-02 09:41:31,16.22,578,9375
2026-01-02 09:41:32,16.22,609,9878
2026-01-02 09:41:33,16.22,665,10786
2026-01-02 09:41:34,16.22,628,10186
2026-01-02 09:41:35,16.22,643,10429
2026-01-02 09:41:36,16.22,638,10348
2026-01-02 09:41:37,16.22,614,9959
2026-01-02 09:41:38,16.22,596,9667
2026-01-02 09:41:39,16.22,612,9927
2026-01-02 09:41:40,16.22,611,9910
2026-01-02 09:41:41,16.22,587,9521
2026-01-02 09:41:42,16.22,643,10429
2026-01-02 09:41:43,16.22,607,9846
2026-01-02 09:41:44,16.22,604,9797
2026-01-02 09:41:45,16.22,585,9489
2026-01-02 09:41:46,16.22,617,10008
2026-01-02 09:41:47,16.22,613,9943
2026-01-02 09:41:48,16.22,623,10105
2026-01-02 09:41:49,16.22,602,9764
2026-01-02 09:41:50,16.22,604,9797
2026-01-02 09:41:51,16.22,608,9862
2026-01-02 09:41:52,16.22,589,9554
2026-01-02 09:41:53,16.22,574,9310
2026-01-02 09:41:54,16.22,605,9813
2026-01-02 09:41:55,16.22,582,9440
2026-01-02 09:41:56,16.22,588,9537
2026-01-02 09:41:57,16.22,594,9635
2026-01-02 09:41:58,16.22,602,9764
2026-01-02 09:41:59,16.22,622,10089
2026-01-02 09:42:00,16.22,581,9424
2026-01-02 09:42:01,16.22,575,9326
2026-01-02 09:42:02,16.22,609,9878
2026-01-02 09:42:03,16.22,598,9700
2026-01-02 09:42:04,16.22,575,9326
2026-01-02 09:42:05,16.22,589,9554
2026-01-02 09:42:06,16.22,567,9197
2026-01-02 09:42:07,16.22,587,9521
2026-01-02 09:42:08,16.22,636,10316
2026-01-02 09:42:09,16.22,624,10121
2026-01-02 09:42:10,16.22,601,9748
2026-01-02 09:42:11,16.22,596,9667
2026-01-02 09:42:12,16.22,570,9245
2026-01-02 09:42:13,16.22,662,10738
2026-01-02 09:42:14,16.22,600,9732
2026-01-02 09:42:15,16.22,579,9391
2026-01-02 09:42:16,16.22,544,8824
2026-01-02 09:42:17,16.22,648,10511
2026-01-02 09:42:18,16.22,604,9797
2026-01-02 09:42:19,16.22,611,9910
2026-01-02 09:42:20,16.22,591,9586
2026-01-02 09:42:21,16.22,618,10024
2026-01-02 09:42:22,16.22,619,10040
2026-01-02 09:42:23,16.22,597,9683
2026-01-02 09:42:24,16.22,635,10300
2026-01-02 09:42:25,16.22,593,9618
2026-01-02 09:42:26,16.22,567,9197
2026-01-02 09:42:27,16.22,592,9602
2026-01-02 09:42:28,16.22,592,9602
2026-01-02 09:42:29,16.22,593,9618
2026-01-02 09:42:30,16.22,591,9586
2026-01-02 09:42:31,16.22,571,9262
2026-01-02 09:42:32,16.22,552,8953
2026-01-02 09:42:33,16.22,621,10073
2026-01-02 09:42:34,16.22,585,9489
2026-01-02 09:42:35,16.22,582,9440
2026-01-02 09:42:36,16.22,590,9570
2026-01-02 09:42:37,16.22,605,9813
2026-01-02 09:42:38,16.22,622,10089
2026-01-02 09:42:39,16.22,603,9781
2026-01-02 09:42:40,16.22,618,10024
2026-01-02 09:42:41,16.22,601,9748
2026-01-02 09:42:42,16.22,614,9959
2026-01-02 09:42:43,16.22,553,8970
2026-01-02 09:42:44,16.22,624,10121
2026-01-02 09:42:45,16.22,616,9992
2026-01-02 09:42:46,16.22,562,9116
2026-01-02 09:42:47,16.22,573,9294
2026-01-02 09:42:48,16.22,605,9813
2026-01-02 09:42:49,16.22,602,9764
2026-01-02 09:42:50,16.30,574,9356
2026-01-02 09:42:51,16.30,607,9894
2026-01-02 09:42:52,16.33,562,9177
2026-01-02 09:42:53,16.29,607,9888
2026-01-02 09:42:54,16.24,628,10199
2026-01-02 09:42:55,16.33,587,9586
2026-01-02 09:42:56,16.28,564,9182
2026-01-02 09:42:57,16.25,630,10238
2026-01-02 09:42:58,16.22,605,9813
2026-01-02 09:42:59,16.31,588,9590
2026-01-02 09:43:00,16.40,593,9725
2026-01-02 09:43:01,16.46,629,10353
2026-01-02 09:43:02,16.38,609,9975
2026-01-02 09:43:03,16.51,629,10385
2026-01-02 09:43:04,16.43,547,8987
2026-01-02 09:43:05,16.51,607,10022
2026-01-02 09:43:06,16.48,603,9937
2026-01-02 09:43:07,16.53,587,9703
2026-01-02 09:43:08,16.47,575,9470
2026-01-02 09:43:09,16.53,572,9455
2026-01-02 09:43:10,16.53,622,10282
2026-01-02 09:43:11,16.53,573,9472
2026-01-02 09:43:12,16.53,599,9901
2026-01-02 09:43:13,16.53,583,9637
2026-01-02 09:43:14,16.53,610,10083
2026-01-02 09:43:15,16.53,561,9273
2026-01-02 09:43:16,16.53,569,9406
2026-01-02 09:43:17,16.53,622,10282
2026-01-02 09:43:18,16.53,578,9554
2026-01-02 09:43:19,16.53,611,10100
2026-01-02 09:43:20,16.53,608,10050
2026-01-02 09:43:21,16.53,631,10430
2026-01-02 09:43:22,16.53,527,8711
2026-01-02 09:43:23,16.50,565,9322
2026-01-02 09:43:24,16.50,580,9570
2026-01-02 09:43:25,16.49,593,9779
2026-01-02 09:43:26,16.51,599,9889
2026-01-02 09:43:27,16.53,587,9703
2026-01-02 09:43:28,16.53,568,9389
2026-01-02 09:43:29,16.52,573,9466
2026-01-02 09:43:30,16.47,574,9454
2026-01-02 09:43:31,16.49,576,9498
2026-01-02 09:43:32,16.39,624,10227
2026-01-02 09:43:33,16.44,578,9502
2026-01-02 09:43:34,16.53,627,10364
2026-01-02 09:43:35,16.52,592,9780
2026-01-02 09:43:36,16.43,602,9891
2026-01-02 09:43:37,16.37,612,10018
2026-01-02 09:43:38,16.33,602,9831
2026-01-02 09:43:39,16.22,621,10073
2026-01-02 09:43:40,16.22,605,9813
2026-01-02 09:43:41,16.22,600,9732
2026-01-02 09:43:42,16.22,591,9586
2026-01-02 09:43:43,16.22,597,9683
2026-01-02 09:43:44,16.22,615,9975
2026-01-02 09:43:45,16.22,581,9424
2026-01-02 09:43:46,16.22,552,8953
2026-01-02 09:43:47,16.22,608,9862
2026-01-02 09:43:48,16.22,584,9472
2026-01-02 09:43:49,16.22,572,9278
2026-01-02 09:43:50,16.22,559,9067
2026-01-02 09:43:51,16.22,598,9700
2026-01-02 09:43:52,16.22,611,9910
2026-01-02 09:43:53,16.29,590,9611
2026-01-02 09:43:54,16.25,585,9506
2026-01-02 09:43:55,16.24,554,8997
2026-01-02 09:43:56,16.27,620,10087
2026-01-02 09:43:57,16.29,580,9448
2026-01-02 09:43:58,16.25,588,9555
2026-01-02 09:43:59,16.31,576,9395
2026-01-02 09:44:00,16.36,598,9783
2026-01-02 09:44:01,16.35,600,9810
2026-01-02 09:44:02,16.37,573,9380
2026-01-02 09:44:03,16.31,638,10406
2026-01-02 09:44:04,16.39,592,9703
2026-01-02 09:44:05,16.36,563,9211
2026-01-02 09:44:06,16.43,622,10219
2026-01-02 09:44:07,16.48,553,9113
2026-01-02 09:44:08,16.53,580,9587
2026-01-02 09:44:09,16.53,558,9224
2026-01-02 09:44:10,16.53,649,10728
2026-01-02 09:44:11,16.53,570,9422
2026-01-02 09:44:12,16.53,578,9554
2026-01-02 09:44:13,16.53,552,9125
2026-01-02 09:44:14,16.53,550,9092
2026-01-02 09:44:15,16.53,610,10083
2026-01-02 09:44:16,16.53,616,10182
2026-01-02 09:44:17,16.53,611,10100
2026-01-02 09:44:18,16.53,577,9538
2026-01-02 09:44:19,16.53,592,9786
2026-01-02 09:44:20,16.53,568,9389
2026-01-02 09:44:21,16.53,570,9422
2026-01-02 09:44:22,16.53,566,9356
2026-01-02 09:44:23,16.53,611,10100
2026-01-02 09:44:24,16.53,605,10001
2026-01-02 09:44:25,16.53,583,9637
2026-01-02 09:44:26,16.53,548,9058
2026-01-02 09:44:27,16.52,591,9763
2026-01-02 09:44:28,16.36,566,9260
2026-01-02 09:44:29,16.43,538,8839
2026-01-02 09:44:30,16.43,628,10318
2026-01-02 09:44:31,16.44,548,9009
2026-01-02 09:44:32,16.39,568,9310
2026-01-02 09:44:33,16.33,583,9520
2026-01-02 09:44:34,16.36,573,9374
2026-01-02 09:44:35,16.34,571,9330
2026-01-02 09:44:36,16.29,546,8894
2026-01-02 09:44:37,16.23,550,8926
2026-01-02 09:44:38,16.22,605,9813
2026-01-02 09:44:39,16.22,571,9262
2026-01-02 09:44:40,16.22,620,10056
2026-01-02 09:44:41,16.22,547,8872
2026-01-02 09:44:42,16.22,604,9797
2026-01-02 09:44:43,16.22,586,9505
2026-01-02 09:44:44,16.22,588,9537
2026-01-02 09:44:45,16.22,587,9521
2026-01-02 09:44:46,16.22,645,10462
2026-01-02 09:44:47,16.22,612,9927
2026-01-02 09:44:48,16.22,616,9992
2026-01-02 09:44:49,16.22,591,9586
2026-01-02 09:44:50,16.22,574,9310
2026-01-02 09:44:51,16.26,590,9593
2026-01-02 09:44:52,16.37,602,9855
2026-01-02 09:44:53,16.38,608,9959
2026-01-02 09:44:54,16.37,604,9887
2026-01-02 09:44:55,16.43,522,8576
2026-01-02 09:44:56,16.38,553,9058
2026-01-02 09:44:57,16.53,617,10199
2026-01-02 09:44:58,16.53,590,9753
2026-01-02 09:44:59,16.53,606,10017
2026-01-02 09:45:00,16.53,616,10182
2026-01-02 09:45:01,16.53,592,9786
2026-01-02 09:45:02,16.53,552,9125
2026-01-02 09:45:03,16.53,574,9488
2026-01-02 09:45:04,16.53,605,10001
2026-01-02 09:45:05,16.53,570,9422
2026-01-02 09:45:06,16.53,554,9158
2026-01-02 09:45:07,16.53,603,9968
2026-01-02 09:45:08,16.53,567,9373
2026-01-02 09:45:09,16.53,578,9554
2026-01-02 09:45:10,16.53,563,9306
2026-01-02 09:45:11,16.53,528,8728
2026-01-02 09:45:12,16.53,591,9769
2026-01-02 09:45:13,16.53,578,9554
2026-01-02 09:45:14,16.53,550,9092
2026-01-02 09:45:15,16.53,583,9637
2026-01-02 09:45:16,16.53,555,9174
2026-01-02 09:45:17,16.53,565,9339
2026-01-02 09:45:18,16.53,557,9207
2026-01-02 09:45:19,16.53,585,9670
2026-01-02 09:45:20,16.53,595,9835
2026-01-02 09:45:21,16.53,595,9835
2026-01-02 09:45:22,16.53,570,9422
2026-01-02 09:45:23,16.53,572,9455
2026-01-02 09:45:24,16.53,557,9207
2026-01-02 09:45:25,16.53,586,9687
2026-01-02 09:45:26,16.53,584,9654
2026-01-02 09:45:27,16.53,594,9819
2026-01-02 09:45:28,16.53,569,9406
2026-01-02 09:45:29,16.53,533,8810
2026-01-02 09:45:30,16.53,566,9356
2026-01-02 09:45:31,16.53,586,9687
2026-01-02 09:45:32,16.53,583,9637
2026-01-02 09:45:33,16.53,569,9406
2026-01-02 09:45:34,16.53,556,9191
2026-01-02 09:45:35,16.53,611,10100
2026-01-02 09:45:36,16.53,594,9819
2026-01-02 09:45:37,16.53,582,9620
2026-01-02 09:45:38,16.53,622,10282
2026-01-02 09:45:39,16.53,611,10100
2026-01-02 09:45:40,16.53,590,9753
2026-01-02 09:45:41,16.53,625,10331
2026-01-02 09:45:42,16.53,555,9174
2026-01-02 09:45:43,16.53,531,8777
2026-01-02 09:45:44,16.53,594,9819
2026-01-02 09:45:45,16.53,603,9968
2026-01-02 09:45:46,16.53,599,9901
2026-01-02 09:45:47,16.53,587,9703
2026-01-02 09:45:48,16.53,611,10100
2026-01-02 09:45:49,16.53,539,8910
2026-01-02 09:45:50,16.53,562,9290
2026-01-02 09:45:51,16.53,522,8629
2026-01-02 09:45:52,16.53,585,9670
2026-01-02 09:45:53,16.53,585,9670
2026-01-02 09:45:54,16.53,595,9835
2026-01-02 09:45:55,16.53,553,9141
2026-01-02 09:45:56,16.53,607,10034
2026-01-02 09:45:57,16.53,597,9868
2026-01-02 09:45:58,16.53,550,9092
2026-01-02 09:45:59,16.53,561,9273
2026-01-02 09:46:00,16.52,618,10209
2026-01-02 09:46:01,16.45,612,10067
2026-01-02 09:46:02,16.32,572,9335
2026-01-02 09:46:03,16.36,590,9652
2026-01-02 09:46:04,16.31,582,9492
2026-01-02 09:46:05,16.36,605,9898
2026-01-02 09:46:06,16.34,601,9820
2026-01-02 09:46:07,16.26,599,9740
2026-01-02 09:46:08,16.26,567,9219
2026-01-02 09:46:09,16.31,569,9280
2026-01-02 09:46:10,16.31,592,9656
2026-01-02 09:46:11,16.34,560,9150
2026-01-02 09:46:12,16.40,558,9151
2026-01-02 09:46:13,16.52,580,9582
2026-01-02 09:46:14,16.46,539,8872
2026-01-02 09:46:15,16.53,562,9290
2026-01-02 09:46:16,16.53,581,9604
2026-01-02 09:46:17,16.53,591,9769
2026-01-02 09:46:18,16.53,597,9868
2026-01-02 09:46:19,16.53,589,9736
2026-01-02 09:46:20,16.53,619,10232
2026-01-02 09:46:21,16.53,546,9025
2026-01-02 09:46:22,16.53,563,9306
2026-01-02 09:46:23,16.53,590,9753
2026-01-02 09:46:24,16.53,570,9422
2026-01-02 09:46:25,16.53,617,10199
2026-01-02 09:46:26,16.53,568,9389
2026-01-02 09:46:27,16.53,587,9703
2026-01-02 09:46:28,16.53,583,9637
2026-01-02 09:46:29,16.53,546,9025
2026-01-02 09:46:30,16.53,580,9587
2026-01-02 09:46:31,16.53,562,9290
2026-01-02 09:46:32,16.53,554,9158
2026-01-02 09:46:33,16.53,547,9042
2026-01-02 09:46:34,16.53,589,9736
2026-01-02 09:46:35,16.53,577,9538
2026-01-02 09:46:36,16.53,566,9356
2026-01-02 09:46:37,16.53,559,9240
2026-01-02 09:46:38,16.53,551,9108
2026-01-02 09:46:39,16.53,543,8976
2026-01-02 09:46:40,16.53,598,9885
2026-01-02 09:46:41,16.53,574,9488
2026-01-02 09:46:42,16.53,576,9521
2026-01-02 09:46:43,16.53,548,9058
2026-01-02 09:46:44,16.53,548,9058
2026-01-02 09:46:45,16.53,577,9538
2026-01-02 09:46:46,16.53,569,9406
2026-01-02 09:46:47,16.53,527,8711
2026-01-02 09:46:48,16.53,554,9158
2026-01-02 09:46:49,16.53,561,9273
2026-01-02 09:46:50,16.53,545,9009
2026-01-02 09:46:51,16.53,570,9422
2026-01-02 09:46:52,16.53,547,9042
2026-01-02 09:46:53,16.53,607,10034
2026-01-02 09:46:54,16.53,587,9703
2026-01-02 09:46:55,16.53,582,9620
2026-01-02 09:46:56,16.53,515,8513
2026-01-02 09:46:57,16.53,557,9207
2026-01-02 09:46:58,16.53,551,9108
2026-01-02 09:46:59,16.53,566,9356
2026-01-02 09:47:00,16.53,599,9901
2026-01-02 09:47:01,16.53,575,9505
2026-01-02 09:47:02,16.53,552,9125
2026-01-02 09:47:03,16.53,581,9604
2026-01-02 09:47:04,16.53,600,9918
2026-01-02 09:47:05,16.53,532,8794
2026-01-02 09:47:06,16.53,526,8695
2026-01-02 09:47:07,16.53,570,9422
2026-01-02 09:47:08,16.53,555,9174
2026-01-02 09:47:09,16.53,497,8215
2026-01-02 09:47:10,16.53,567,9373
2026-01-02 09:47:11,16.53,544,8992
2026-01-02 09:47:12,16.53,545,9009
2026-01-02 09:47:13,16.53,568,9389
2026-01-02 09:47:14,16.53,535,8844
2026-01-02 09:47:15,16.53,578,9554
2026-01-02 09:47:16,16.53,584,9654
2026-01-02 09:47:17,16.53,541,8943
2026-01-02 09:47:18,16.53,525,8678
2026-01-02 09:47:19,16.53,556,9191
2026-01-02 09:47:20,16.53,571,9439
2026-01-02 09:47:21,16.53,559,9240
2026-01-02 09:47:22,16.53,566,9356
2026-01-02 09:47:23,16.53,559,9240
2026-01-02 09:47:24,16.53,492,8133
2026-01-02 09:47:25,16.53,513,8480
2026-01-02 09:47:26,16.53,594,9819
2026-01-02 09:47:27,16.53,550,9092
2026-01-02 09:47:28,16.53,572,9455
2026-01-02 09:47:29,16.53,588,9720
2026-01-02 09:47:30,16.53,564,9323
2026-01-02 09:47:31,16.53,557,9207
2026-01-02 09:47:32,16.53,547,9042
2026-01-02 09:47:33,16.53,587,9703
2026-01-02 09:47:34,16.53,579,9571
2026-01-02 09:47:35,16.53,540,8926
2026-01-02 09:47:36,16.53,563,9306
2026-01-02 09:47:37,16.53,578,9554
2026-01-02 09:47:38,16.53,559,9240
2026-01-02 09:47:39,16.53,558,9224
2026-01-02 09:47:40,16.53,518,8563
2026-01-02 09:47:41,16.53,572,9455
2026-01-02 09:47:42,16.53,538,8893
2026-01-02 09:47:43,16.53,616,10182
2026-01-02 09:47:44,16.53,575,9505
2026-01-02 09:47:45,16.53,556,9191
2026-01-02 09:47:46,16.53,569,9406
2026-01-02 09:47:47,16.53,560,9257
2026-01-02 09:47:48,16.53,586,9687
2026-01-02 09:47:49,16.53,523,8645
2026-01-02 09:47:50,16.53,568,9389
2026-01-02 09:47:51,16.53,576,9521
2026-01-02 09:47:52,16.53,543,8976
2026-01-02 09:47:53,16.53,588,9720
2026-01-02 09:47:54,16.53,541,8943
2026-01-02 09:47:55,16.53,539,8910
2026-01-02 09:47:56,16.53,572,9455
2026-01-02 09:47:57,16.53,544,8992
2026-01-02 09:47:58,16.53,533,8810
2026-01-02 09:47:59,16.53,591,9769
2026-01-02 09:48:00,16.53,574,9488
2026-01-02 09:48:01,16.53,605,10001
2026-01-02 09:48:02,16.52,573,9466
2026-01-02 09:48:03,16.53,551,9108
2026-01-02 09:48:04,16.53,593,9802
2026-01-02 09:48:05,16.53,549,9075
2026-01-02 09:48:06,16.53,543,8976
2026-01-02 09:48:07,16.53,510,8430
2026-01-02 09:48:08,16.53,591,9769
2026-01-02 09:48:09,16.53,543,8976
2026-01-02 09:48:10,16.53,538,8893
2026-01-02 09:48:11,16.53,554,9158
2026-01-02 09:48:12,16.53,568,9389
2026-01-02 09:48:13,16.53,552,9125
2026-01-02 09:48:14,16.53,505,8348
2026-01-02 09:48:15,16.53,584,9654
2026-01-02 09:48:16,16.52,561,9268
2026-01-02 09:48:17,16.53,571,9439
2026-01-02 09:48:18,16.52,562,9284
2026-01-02 09:48:19,16.53,583,9637
2026-01-02 09:48:20,16.53,575,9505
2026-01-02 09:48:21,16.53,565,9339
2026-01-02 09:48:22,16.53,552,9125
2026-01-02 09:48:23,16.49,553,9119
2026-01-02 09:48:24,16.53,544,8992
2026-01-02 09:48:25,16.53,544,8992
2026-01-02 09:48:26,16.53,519,8579
2026-01-02 09:48:27,16.53,556,9191
2026-01-02 09:48:28,16.53,564,9323
2026-01-02 09:48:29,16.53,524,8662
2026-01-02 09:48:30,16.53,553,9141
2026-01-02 09:48:31,16.52,605,9995
2026-01-02 09:48:32,16.51,597,9856
2026-01-02 09:48:33,16.53,518,8563
2026-01-02 09:48:34,16.53,560,9257
2026-01-02 09:48:35,16.53,548,9058
2026-01-02 09:48:36,16.53,554,9158
2026-01-02 09:48:37,16.53,552,9125
2026-01-02 09:48:38,16.53,584,9654
2026-01-02 09:48:39,16.47,572,9421
2026-01-02 09:48:40,16.42,519,8522
2026-01-02 09:48:41,16.38,576,9435
2026-01-02 09:48:42,16.44,550,9042
2026-01-02 09:48:43,16.53,532,8794
2026-01-02 09:48:44,16.53,563,9306
2026-01-02 09:48:45,16.53,571,9439
2026-01-02 09:48:46,16.53,543,8976
2026-01-02 09:48:47,16.53,576,9521
2026-01-02 09:48:48,16.53,545,9009
2026-01-02 09:48:49,16.53,565,9339
2026-01-02 09:48:50,16.53,565,9339
2026-01-02 09:48:51,16.53,554,9158
2026-01-02 09:48:52,16.53,558,9224
2026-01-02 09:48:53,16.53,522,8629
2026-01-02 09:48:54,16.53,536,8860
2026-01-02 09:48:55,16.53,547,9042
2026-01-02 09:48:56,16.53,524,8662
2026-01-02 09:48:57,16.53,543,8976
2026-01-02 09:48:58,16.53,557,9207
2026-01-02 09:48:59,16.53,541,8943
2026-01-02 09:49:00,16.53,542,8959
2026-01-02 09:49:01,16.53,539,8910
2026-01-02 09:49:02,16.53,571,9439
2026-01-02 09:49:03,16.53,553,9141
2026-01-02 09:49:04,16.53,563,9306
2026-01-02 09:49:05,16.53,579,9571
2026-01-02 09:49:06,16.53,556,9191
2026-01-02 09:49:07,16.53,543,8976
2026-01-02 09:49:08,16.53,561,9273
2026-01-02 09:49:09,16.53,522,8629
2026-01-02 09:49:10,16.53,545,9009
2026-01-02 09:49:11,16.53,548,9058
2026-01-02 09:49:12,16.53,546,9025
2026-01-02 09:49:13,16.53,476,7868
2026-01-02 09:49:14,16.53,574,9488
2026-01-02 09:49:15,16.53,523,8645
2026-01-02 09:49:16,16.52,572,9449
2026-01-02 09:49:17,16.49,525,8657
2026-01-02 09:49:18,16.53,525,8678
2026-01-02 09:49:19,16.53,581,9604
2026-01-02 09:49:20,16.53,564,9323
2026-01-02 09:49:21,16.53,571,9439
2026-01-02 09:49:22,16.53,546,9025
2026-01-02 09:49:23,16.53,537,8877
2026-01-02 09:49:24,16.53,529,8744
2026-01-02 09:49:25,16.53,516,8529
2026-01-02 09:49:26,16.53,555,9174
2026-01-02 09:49:27,16.52,560,9251
2026-01-02 09:49:28,16.53,523,8645
2026-01-02 09:49:29,16.53,572,9455
2026-01-02 09:49:30,16.52,577,9532
2026-01-02 09:49:31,16.53,510,8430
2026-01-02 09:49:32,16.53,559,9240
2026-01-02 09:49:33,16.37,542,8873
2026-01-02 09:49:34,16.35,526,8600
2026-01-02 09:49:35,16.35,539,8813
2026-01-02 09:49:36,16.43,540,8872
2026-01-02 09:49:37,16.43,522,8576
2026-01-02 09:49:38,16.40,544,8922
2026-01-02 09:49:39,16.53,533,8810
2026-01-02 09:49:40,16.53,557,9207
2026-01-02 09:49:41,16.53,561,9273
2026-01-02 09:49:42,16.53,521,8612
2026-01-02 09:49:43,16.53,547,9042
2026-01-02 09:49:44,16.53,504,8331
2026-01-02 09:49:45,16.51,547,9031
2026-01-02 09:49:46,16.53,556,9191
2026-01-02 09:49:47,16.53,539,8910
2026-01-02 09:49:48,16.53,546,9025
2026-01-02 09:49:49,16.50,572,9438
2026-01-02 09:49:50,16.44,541,8894
2026-01-02 09:49:51,16.45,564,9278
2026-01-02 09:49:52,16.48,530,8734
2026-01-02 09:49:53,16.43,573,9414
2026-01-02 09:49:54,16.41,549,9009
2026-01-02 09:49:55,16.29,519,8455
2026-01-02 09:49:56,16.37,520,8512
2026-01-02 09:49:57,16.43,566,9299
2026-01-02 09:49:58,16.40,559,9168
2026-01-02 09:49:59,16.50,564,9306
2026-01-02 09:50:00,16.39,542,8883
2026-01-02 09:50:01,16.34,564,9216
2026-01-02 09:50:02,16.31,531,8661
2026-01-02 09:50:03,16.34,526,8595
2026-01-02 09:50:04,16.27,547,8900
2026-01-02 09:50:05,16.32,564,9204
2026-01-02 09:50:06,16.31,557,9085
2026-01-02 09:50:07,16.33,536,8753
2026-01-02 09:50:08,16.28,559,9101
2026-01-02 09:50:09,16.28,583,9491
2026-01-02 09:50:10,16.24,540,8770
2026-01-02 09:50:11,16.22,521,8451
2026-01-02 09:50:12,16.22,542,8791
2026-01-02 09:50:13,16.22,542,8791
2026-01-02 09:50:14,16.22,546,8856
2026-01-02 09:50:15,16.22,528,8564
2026-01-02 09:50:16,16.23,530,8602
2026-01-02 09:50:17,16.27,571,9290
2026-01-02 09:50:18,16.27,551,8965
2026-01-02 09:50:19,16.22,561,9099
2026-01-02 09:50:20,16.27,572,9306
2026-01-02 09:50:21,16.33,539,8802
2026-01-02 09:50:22,16.32,541,8829
2026-01-02 09:50:23,16.33,515,8410
2026-01-02 09:50:24,16.47,566,9322
2026-01-02 09:50:25,16.41,523,8582
2026-01-02 09:50:26,16.38,533,8731
2026-01-02 09:50:27,16.53,501,8282
2026-01-02 09:50:28,16.52,544,8987
2026-01-02 09:50:29,16.48,581,9575
2026-01-02 09:50:30,16.41,586,9616
2026-01-02 09:50:31,16.43,554,9102
2026-01-02 09:50:32,16.40,553,9069
2026-01-02 09:50:33,16.45,525,8636
2026-01-02 09:50:34,16.53,554,9158
2026-01-02 09:50:35,16.53,586,9687
2026-01-02 09:50:36,16.53,539,8910
2026-01-02 09:50:37,16.50,569,9388
2026-01-02 09:50:38,16.53,551,9108
2026-01-02 09:50:39,16.53,533,8810
2026-01-02 09:50:40,16.53,554,9158
2026-01-02 09:50:41,16.53,569,9406
2026-01-02 09:50:42,16.53,560,9257
2026-01-02 09:50:43,16.53,493,8149
2026-01-02 09:50:44,16.53,551,9108
2026-01-02 09:50:45,16.49,503,8294
2026-01-02 09:50:46,16.44,558,9174
2026-01-02 09:50:47,16.53,535,8844
2026-01-02 09:50:48,16.53,555,9174
2026-01-02 09:50:49,16.43,493,8100
2026-01-02 09:50:50,16.38,597,9779
2026-01-02 09:50:51,16.30,562,9161
2026-01-02 09:50:52,16.35,559,9140
2026-01-02 09:50:53,16.34,506,8268
2026-01-02 09:50:54,16.32,534,8715
2026-01-02 09:50:55,16.31,549,8954
2026-01-02 09:50:56,16.31,525,8563
2026-01-02 09:50:57,16.23,553,8975
2026-01-02 09:50:58,16.28,526,8563
2026-01-02 09:50:59,16.25,564,9165
2026-01-02 09:51:00,16.28,524,8531
2026-01-02 09:51:01,16.35,539,8813
2026-01-02 09:51:02,16.25,541,8791
2026-01-02 09:51:03,16.30,531,8655
2026-01-02 09:51:04,16.22,503,8159
2026-01-02 09:51:05,16.22,554,8986
2026-01-02 09:51:06,16.22,549,8905
2026-01-02 09:51:07,16.22,533,8645
2026-01-02 09:51:08,16.22,578,9375
2026-01-02 09:51:09,16.22,533,8645
2026-01-02 09:51:10,16.22,549,8905
2026-01-02 09:51:11,16.22,544,8824
2026-01-02 09:51:12,16.22,575,9326
2026-01-02 09:51:13,16.22,508,8240
2026-01-02 09:51:14,16.22,514,8337
2026-01-02 09:51:15,16.22,553,8970
2026-01-02 09:51:16,16.22,540,8759
2026-01-02 09:51:17,16.22,546,8856
2026-01-02 09:51:18,16.22,546,8856
2026-01-02 09:51:19,16.22,568,9213
2026-01-02 09:51:20,16.22,560,9083
2026-01-02 09:51:21,16.22,553,8970
2026-01-02 09:51:22,16.22,505,8191
2026-01-02 09:51:23,16.22,530,8597
2026-01-02 09:51:24,16.22,516,8370
2026-01-02 09:51:25,16.22,510,8272
2026-01-02 09:51:26,16.22,520,8434
2026-01-02 09:51:27,16.22,518,8402
2026-01-02 09:51:28,16.22,543,8807
2026-01-02 09:51:29,16.22,549,8905
2026-01-02 09:51:30,16.22,518,8402
2026-01-02 09:51:31,16.22,556,9018
2026-01-02 09:51:32,16.22,552,8953
2026-01-02 09:51:33,16.22,555,9002
2026-01-02 09:51:34,16.22,538,8726
2026-01-02 09:51:35,16.22,539,8743
2026-01-02 09:51:36,16.22,559,9067
2026-01-02 09:51:37,16.22,501,8126
2026-01-02 09:51:38,16.22,565,9164
2026-01-02 09:51:39,16.22,530,8597
2026-01-02 09:51:40,16.22,510,8272
2026-01-02 09:51:41,16.22,550,8921
2026-01-02 09:51:42,16.22,518,8402
2026-01-02 09:51:43,16.22,521,8451
2026-01-02 09:51:44,16.22,551,8937
2026-01-02 09:51:45,16.22,518,8402
2026-01-02 09:51:46,16.22,552,8953
2026-01-02 09:51:47,16.22,518,8402
2026-01-02 09:51:48,16.22,569,9229
2026-01-02 09:51:49,16.22,565,9164
2026-01-02 09:51:50,16.22,525,8516
2026-01-02 09:51:51,16.22,513,8321
2026-01-02 09:51:52,16.22,497,8061
2026-01-02 09:51:53,16.22,535,8678
2026-01-02 09:51:54,16.22,549,8905
2026-01-02 09:51:55,16.22,498,8078
2026-01-02 09:51:56,16.22,524,8499
2026-01-02 09:51:57,16.22,545,8840
2026-01-02 09:51:58,16.22,509,8256
2026-01-02 09:51:59,16.22,552,8953
2026-01-02 09:52:00,16.22,572,9278
2026-01-02 09:52:01,16.22,523,8483
2026-01-02 09:52:02,16.22,523,8483
2026-01-02 09:52:03,16.22,532,8629
2026-01-02 09:52:04,16.22,530,8597
2026-01-02 09:52:05,16.22,556,9018
2026-01-02 09:52:06,16.22,494,8013
2026-01-02 09:52:07,16.22,501,8126
2026-01-02 09:52:08,16.22,539,8743
2026-01-02 09:52:09,16.22,524,8499
2026-01-02 09:52:10,16.22,534,8661
2026-01-02 09:52:11,16.22,522,8467
2026-01-02 09:52:12,16.22,536,8694
2026-01-02 09:52:13,16.22,519,8418
2026-01-02 09:52:14,16.22,528,8564
2026-01-02 09:52:15,16.22,518,8402
2026-01-02 09:52:16,16.22,571,9262
2026-01-02 09:52:17,16.22,544,8824
2026-01-02 09:52:18,16.22,541,8775
2026-01-02 09:52:19,16.22,561,9099
2026-01-02 09:52:20,16.22,538,8726
2026-01-02 09:52:21,16.22,569,9229
2026-01-02 09:52:22,16.22,552,8953
2026-01-02 09:52:23,16.22,537,8710
2026-01-02 09:52:24,16.22,572,9278
2026-01-02 09:52:25,16.22,516,8370
2026-01-02 09:52:26,16.22,511,8288
2026-01-02 09:52:27,16.22,531,8613
2026-01-02 09:52:28,16.22,540,8759
2026-01-02 09:52:29,16.22,499,8094
2026-01-02 09:52:30,16.22,516,8370
2026-01-02 09:52:31,16.22,484,7850
2026-01-02 09:52:32,16.22,542,8791
2026-01-02 09:52:33,16.22,553,8970
2026-01-02 09:52:34,16.22,517,8386
2026-01-02 09:52:35,16.22,517,8386
2026-01-02 09:52:36,16.22,523,8483
2026-01-02 09:52:37,16.22,539,8743
2026-01-02 09:52:38,16.22,519,8418
2026-01-02 09:52:39,16.22,553,8970
2026-01-02 09:52:40,16.22,542,8791
2026-01-02 09:52:41,16.22,520,8434
2026-01-02 09:52:42,16.22,502,8142
2026-01-02 09:52:43,16.22,516,8370
2026-01-02 09:52:44,16.22,524,8499
2026-01-02 09:52:45,16.22,534,8661
2026-01-02 09:52:46,16.22,559,9067
2026-01-02 09:52:47,16.22,548,8889
2026-01-02 09:52:48,16.22,552,8953
2026-01-02 09:52:49,16.22,547,8872
2026-01-02 09:52:50,16.22,520,8434
2026-01-02 09:52:51,16.22,526,8532
2026-01-02 09:52:52,16.22,550,8921
2026-01-02 09:52:53,16.22,547,8872
2026-01-02 09:52:54,16.22,539,8743
2026-01-02 09:52:55,16.22,568,9213
2026-01-02 09:52:56,16.22,513,8321
2026-01-02 09:52:57,16.22,517,8386
2026-01-02 09:52:58,16.22,527,8548
2026-01-02 09:52:59,16.22,561,9099
2026-01-02 09:53:00,16.22,566,9181
2026-01-02 09:53:01,16.22,528,8564
2026-01-02 09:53:02,16.22,516,8370
2026-01-02 09:53:03,16.22,543,8807
2026-01-02 09:53:04,16.22,532,8629
2026-01-02 09:53:05,16.22,532,8629
2026-01-02 09:53:06,16.22,520,8434
2026-01-02 09:53:07,16.22,508,8240
2026-01-02 09:53:08,16.22,567,9197
2026-01-02 09:53:09,16.22,533,8645
2026-01-02 09:53:10,16.22,535,8678
2026-01-02 09:53:11,16.22,555,9002
2026-01-02 09:53:12,16.22,545,8840
2026-01-02 09:53:13,16.22,507,8224
2026-01-02 09:53:14,16.22,523,8483
2026-01-02 09:53:15,16.22,521,8451
2026-01-02 09:53:16,16.22,518,8402
2026-01-02 09:53:17,16.22,534,8661
2026-01-02 09:53:18,16.22,532,8629
2026-01-02 09:53:19,16.22,543,8807
2026-01-02 09:53:20,16.22,519,8418
2026-01-02 09:53:21,16.22,518,8402
2026-01-02 09:53:22,16.22,543,8807
2026-01-02 09:53:23,16.22,516,8370
2026-01-02 09:53:24,16.22,555,9002
2026-01-02 09:53:25,16.22,518,8402
2026-01-02 09:53:26,16.22,534,8661
2026-01-02 09:53:27,16.22,532,8629
2026-01-02 09:53:28,16.22,499,8094
2026-01-02 09:53:29,16.22,528,8564
2026-01-02 09:53:30,16.22,525,8516
2026-01-02 09:53:31,16.22,530,8597
2026-01-02 09:53:32,16.22,533,8645
2026-01-02 09:53:33,16.22,516,8370
2026-01-02 09:53:34,16.22,527,8548
2026-01-02 09:53:35,16.22,561,9099
2026-01-02 09:53:36,16.22,533,8645
2026-01-02 09:53:37,16.22,564,9148
2026-01-02 09:53:38,16.22,540,8759
2026-01-02 09:53:39,16.22,515,8353
2026-01-02 09:53:40,16.22,541,8775
2026-01-02 09:53:41,16.22,560,9083
2026-01-02 09:53:42,16.22,556,9018
2026-01-02 09:53:43,16.22,520,8434
2026-01-02 09:53:44,16.22,552,8953
2026-01-02 09:53:45,16.22,504,8175
2026-01-02 09:53:46,16.22,531,8613
2026-01-02 09:53:47,16.22,523,8483
2026-01-02 09:53:48,16.22,571,9262
2026-01-02 09:53:49,16.22,571,9262
2026-01-02 09:53:50,16.22,526,8532
2026-01-02 09:53:51,16.22,540,8759
2026-01-02 09:53:52,16.22,502,8142
2026-01-02 09:53:53,16.22,472,7656
2026-01-02 09:53:54,16.22,523,8483
2026-01-02 09:53:55,16.22,512,8305
2026-01-02 09:53:56,16.22,501,8126
2026-01-02 09:53:57,16.22,492,7980
2026-01-02 09:53:58,16.22,505,8191
2026-01-02 09:53:59,16.22,485,7867
2026-01-02 09:54:00,16.22,503,8159
2026-01-02 09:54:01,16.22,517,8386
2026-01-02 09:54:02,16.22,531,8613
2026-01-02 09:54:03,16.22,503,8159
2026-01-02 09:54:04,16.22,558,9051
2026-01-02 09:54:05,16.22,524,8499
2026-01-02 09:54:06,16.22,516,8370
2026-01-02 09:54:07,16.22,565,9164
2026-01-02 09:54:08,16.22,489,7932
2026-01-02 09:54:09,16.22,532,8629
2026-01-02 09:54:10,16.22,522,8467
2026-01-02 09:54:11,16.22,498,8078
2026-01-02 09:54:12,16.22,510,8272
2026-01-02 09:54:13,16.22,560,9083
2026-01-02 09:54:14,16.22,509,8256
2026-01-02 09:54:15,16.22,557,9035
2026-01-02 09:54:16,16.22,505,8191
2026-01-02 09:54:17,16.22,547,8872
2026-01-02 09:54:18,16.22,530,8597
2026-01-02 09:54:19,16.22,513,8321
2026-01-02 09:54:20,16.22,533,8645
2026-01-02 09:54:21,16.22,533,8645
2026-01-02 09:54:22,16.22,545,8840
2026-01-02 09:54:23,16.22,528,8564
2026-01-02 09:54:24,16.22,494,8013
2026-01-02 09:54:25,16.22,534,8661
2026-01-02 09:54:26,16.22,494,8013
2026-01-02 09:54:27,16.22,523,8483
2026-01-02 09:54:28,16.22,529,8580
2026-01-02 09:54:29,16.22,494,8013
2026-01-02 09:54:30,16.22,480,7786
2026-01-02 09:54:31,16.22,564,9148
2026-01-02 09:54:32,16.22,500,8110
2026-01-02 09:54:33,16.22,521,8451
2026-01-02 09:54:34,16.22,498,8078
2026-01-02 09:54:35,16.22,522,8467
2026-01-02 09:54:36,16.22,530,8597
2026-01-02 09:54:37,16.22,539,8743
2026-01-02 09:54:38,16.22,496,8045
2026-01-02 09:54:39,16.22,471,7640
2026-01-02 09:54:40,16.22,511,8288
2026-01-02 09:54:41,16.22,484,7850
2026-01-02 09:54:42,16.22,551,8937
2026-01-02 09:54:43,16.22,533,8645
2026-01-02 09:54:44,16.22,530,8597
2026-01-02 09:54:45,16.22,513,8321
2026-01-02 09:54:46,16.22,545,8840
2026-01-02 09:54:47,16.22,523,8483
2026-01-02 09:54:48,16.22,478,7753
2026-01-02 09:54:49,16.22,542,8791
2026-01-02 09:54:50,16.22,562,9116
2026-01-02 09:54:51,16.22,472,7656
2026-01-02 09:54:52,16.22,529,8580
2026-01-02 09:54:53,16.22,537,8710
2026-01-02 09:54:54,16.22,538,8726
2026-01-02 09:54:55,16.22,487,7899
2026-01-02 09:54:56,16.22,494,8013
2026-01-02 09:54:57,16.22,474,7688
2026-01-02 09:54:58,16.22,503,8159
2026-01-02 09:54:59,16.22,535,8678
2026-01-02 09:55:00,16.22,508,8240
2026-01-02 09:55:01,16.22,512,8305
2026-01-02 09:55:02,16.22,443,7185
2026-01-02 09:55:03,16.22,511,8288
2026-01-02 09:55:04,16.22,543,8807
2026-01-02 09:55:05,16.22,548,8889
2026-01-02 09:55:06,16.22,525,8516
2026-01-02 09:55:07,16.22,507,8224
2026-01-02 09:55:08,16.22,510,8272
2026-01-02 09:55:09,16.22,513,8321
2026-01-02 09:55:10,16.22,506,8207
2026-01-02 09:55:11,16.22,536,8694
2026-01-02 09:55:12,16.22,519,8418
2026-01-02 09:55:13,16.22,537,8710
2026-01-02 09:55:14,16.22,524,8499
2026-01-02 09:55:15,16.22,519,8418
2026-01-02 09:55:16,16.22,502,8142
2026-01-02 09:55:17,16.22,482,7818
2026-01-02 09:55:18,16.22,518,8402
2026-01-02 09:55:19,16.22,532,8629
2026-01-02 09:55:20,16.22,506,8207
2026-01-02 09:55:21,16.22,520,8434
2026-01-02 09:55:22,16.22,500,8110
2026-01-02 09:55:23,16.22,551,8937
2026-01-02 09:55:24,16.22,486,7883
2026-01-02 09:55:25,16.22,462,7494
2026-01-02 09:55:26,16.22,554,8986
2026-01-02 09:55:27,16.22,554,8986
2026-01-02 09:55:28,16.22,532,8629
2026-01-02 09:55:29,16.22,513,8321
2026-01-02 09:55:30,16.22,522,8467
2026-01-02 09:55:31,16.22,539,8743
2026-01-02 09:55:32,16.22,527,8548
2026-01-02 09:55:33,16.22,490,7948
2026-01-02 09:55:34,16.22,490,7948
2026-01-02 09:55:35,16.22,511,8288
2026-01-02 09:55:36,16.22,508,8240
2026-01-02 09:55:37,16.22,496,8045
2026-01-02 09:55:38,16.22,508,8240
2026-01-02 09:55:39,16.22,484,7850
2026-01-02 09:55:40,16.22,518,8402
2026-01-02 09:55:41,16.22,522,8467
2026-01-02 09:55:42,16.22,525,8516
2026-01-02 09:55:43,16.22,525,8516
2026-01-02 09:55:44,16.22,539,8743
2026-01-02 09:55:45,16.22,498,8078
2026-01-02 09:55:46,16.22,517,8386
2026-01-02 09:55:47,16.22,526,8532
2026-01-02 09:55:48,16.22,526,8532
2026-01-02 09:55:49,16.22,509,8256
2026-01-02 09:55:50,16.22,515,8353
2026-01-02 09:55:51,16.22,520,8434
2026-01-02 09:55:52,16.22,519,8418
2026-01-02 09:55:53,16.22,522,8467
2026-01-02 09:55:54,16.22,521,8451
2026-01-02 09:55:55,16.22,515,8353
2026-01-02 09:55:56,16.22,523,8483
2026-01-02 09:55:57,16.22,536,8694
2026-01-02 09:55:58,16.22,495,8029
2026-01-02 09:55:59,16.22,526,8532
2026-01-02 09:56:00,16.22,532,8629
2026-01-02 09:56:01,16.22,494,8013
2026-01-02 09:56:02,16.22,515,8353
2026-01-02 09:56:03,16.22,510,8272
2026-01-02 09:56:04,16.22,520,8434
2026-01-02 09:56:05,16.22,558,9051
2026-01-02 09:56:06,16.22,520,8434
2026-01-02 09:56:07,16.22,534,8661
2026-01-02 09:56:08,16.22,525,8516
2026-01-02 09:56:09,16.22,478,7753
2026-01-02 09:56:10,16.22,519,8418
2026-01-02 09:56:11,16.22,489,7932
2026-01-02 09:56:12,16.22,520,8434
2026-01-02 09:56:13,16.22,544,8824
2026-01-02 09:56:14,16.22,494,8013
2026-01-02 09:56:15,16.22,494,8013
2026-01-02 09:56:16,16.22,495,8029
2026-01-02 09:56:17,16.22,524,8499
2026-01-02 09:56:18,16.22,564,9148
2026-01-02 09:56:19,16.22,508,8240
2026-01-02 09:56:20,16.22,558,9051
2026-01-02 09:56:21,16.22,526,8532
2026-01-02 09:56:22,16.22,523,8483
2026-01-02 09:56:23,16.22,506,8207
2026-01-02 09:56:24,16.22,505,8191
2026-01-02 09:56:25,16.22,521,8451
2026-01-02 09:56:26,16.22,461,7477
2026-01-02 09:56:27,16.22,526,8532
2026-01-02 09:56:28,16.22,493,7996
2026-01-02 09:56:29,16.22,516,8370
2026-01-02 09:56:30,16.22,498,8078
2026-01-02 09:56:31,16.22,478,7753
2026-01-02 09:56:32,16.22,507,8224
2026-01-02 09:56:33,16.22,524,8499
2026-01-02 09:56:34,16.22,510,8272
2026-01-02 09:56:35,16.22,465,7542
2026-01-02 09:56:36,16.22,463,7510
2026-01-02 09:56:37,16.22,533,8645
2026-01-02 09:56:38,16.22,504,8175
2026-01-02 09:56:39,16.22,495,8029
2026-01-02 09:56:40,16.22,490,7948
2026-01-02 09:56:41,16.22,492,7980
2026-01-02 09:56:42,16.22,555,9002
2026-01-02 09:56:43,16.22,536,8694
2026-01-02 09:56:44,16.22,542,8791
2026-01-02 09:56:45,16.22,496,8045
2026-01-02 09:56:46,16.22,527,8548
2026-01-02 09:56:47,16.22,514,8337
2026-01-02 09:56:48,16.22,499,8094
2026-01-02 09:56:49,16.22,536,8694
2026-01-02 09:56:50,16.22,547,8872
2026-01-02 09:56:51,16.22,549,8905
2026-01-02 09:56:52,16.22,532,8629
2026-01-02 09:56:53,16.22,524,8499
2026-01-02 09:56:54,16.22,476,7721
2026-01-02 09:56:55,16.22,534,8661
2026-01-02 09:56:56,16.22,513,8321
2026-01-02 09:56:57,16.22,468,7591
2026-01-02 09:56:58,16.22,518,8402
2026-01-02 09:56:59,16.22,469,7607
2026-01-02 09:57:00,16.22,519,8418
2026-01-02 09:57:01,16.22,509,8256
2026-01-02 09:57:02,16.22,520,8434
2026-01-02 09:57:03,16.22,509,8256
2026-01-02 09:57:04,16.22,487,7899
2026-01-02 09:57:05,16.22,485,7867
2026-01-02 09:57:06,16.22,474,7688
2026-01-02 09:57:07,16.22,534,8661
2026-01-02 09:57:08,16.22,486,7883
2026-01-02 09:57:09,16.22,513,8321
2026-01-02 09:57:10,16.22,479,7769
2026-01-02 09:57:11,16.22,545,8840
2026-01-02 09:57:12,16.22,512,8305
2026-01-02 09:57:13,16.22,506,8207
2026-01-02 09:57:14,16.22,521,8451
2026-01-02 09:57:15,16.22,539,8743
2026-01-02 09:57:16,16.22,488,7915
2026-01-02 09:57:17,16.22,513,8321
2026-01-02 09:57:18,16.22,498,8078
2026-01-02 09:57:19,16.22,539,8743
2026-01-02 09:57:20,16.22,511,8288
2026-01-02 09:57:21,16.22,490,7948
2026-01-02 09:57:22,16.22,524,8499
2026-01-02 09:57:23,16.22,496,8045
2026-01-02 09:57:24,16.22,535,8678
2026-01-02 09:57:25,16.22,520,8434
2026-01-02 09:57:26,16.22,444,7202
2026-01-02 09:57:27,16.22,523,8483
2026-01-02 09:57:28,16.22,510,8272
2026-01-02 09:57:29,16.22,456,7396
2026-01-02 09:57:30,16.22,515,8353
2026-01-02 09:57:31,16.22,539,8743
2026-01-02 09:57:32,16.22,477,7737
2026-01-02 09:57:33,16.22,514,8337
2026-01-02 09:57:34,16.22,484,7850
2026-01-02 09:57:35,16.22,525,8516
2026-01-02 09:57:36,16.22,478,7753
2026-01-02 09:57:37,16.22,500,8110
2026-01-02 09:57:38,16.22,516,8370
2026-01-02 09:57:39,16.22,535,8678
2026-01-02 09:57:40,16.22,518,8402
2026-01-02 09:57:41,16.22,512,8305
2026-01-02 09:57:42,16.22,564,9148
2026-01-02 09:57:43,16.22,521,8451
2026-01-02 09:57:44,16.22,496,8045
2026-01-02 09:57:45,16.22,493,7996
2026-01-02 09:57:46,16.22,489,7932
2026-01-02 09:57:47,16.22,536,8694
2026-01-02 09:57:48,16.22,501,8126
2026-01-02 09:57:49,16.22,493,7996
2026-01-02 09:57:50,16.22,536,8694
2026-01-02 09:57:51,16.22,478,7753
2026-01-02 09:57:52,16.22,490,7948
2026-01-02 09:57:53,16.22,472,7656
2026-01-02 09:57:54,16.22,509,8256
2026-01-02 09:57:55,16.22,483,7834
2026-01-02 09:57:56,16.22,464,7526
2026-01-02 09:57:57,16.22,484,7850
2026-01-02 09:57:58,16.22,502,8142
2026-01-02 09:57:59,16.22,500,8110
2026-01-02 09:58:00,16.22,493,7996
2026-01-02 09:58:01,16.22,506,8207
2026-01-02 09:58:02,16.22,494,8013
2026-01-02 09:58:03,16.22,516,8370
2026-01-02 09:58:04,16.22,540,8759
2026-01-02 09:58:05,16.22,539,8743
2026-01-02 09:58:06,16.22,541,8775
2026-01-02 09:58:07,16.22,508,8240
2026-01-02 09:58:08,16.22,496,8045
2026-01-02 09:58:09,16.22,484,7850
2026-01-02 09:58:10,16.22,512,8305
2026-01-02 09:58:11,16.22,520,8434
2026-01-02 09:58:12,16.22,524,8499
2026-01-02 09:58:13,16.22,484,7850
2026-01-02 09:58:14,16.22,537,8710
2026-01-02 09:58:15,16.22,514,8337
2026-01-02 09:58:16,16.22,514,8337
2026-01-02 09:58:17,16.22,478,7753
2026-01-02 09:58:18,16.22,492,7980
2026-01-02 09:58:19,16.22,481,7802
2026-01-02 09:58:20,16.22,465,7542
2026-01-02 09:58:21,16.22,525,8516
2026-01-02 09:58:22,16.22,493,7996
2026-01-02 09:58:23,16.22,516,8370
2026-01-02 09:58:24,16.22,493,7996
2026-01-02 09:58:25,16.22,540,8759
2026-01-02 09:58:26,16.22,510,8272
2026-01-02 09:58:27,16.22,516,8370
2026-01-02 09:58:28,16.22,497,8061
2026-01-02 09:58:29,16.22,510,8272
2026-01-02 09:58:30,16.22,471,7640
2026-01-02 09:58:31,16.22,569,9229
2026-01-02 09:58:32,16.22,492,7980
2026-01-02 09:58:33,16.22,488,7915
2026-01-02 09:58:34,16.22,458,7429
2026-01-02 09:58:35,16.22,428,6942
2026-01-02 09:58:36,16.22,510,8272
2026-01-02 09:58:37,16.22,483,7834
2026-01-02 09:58:38,16.22,516,8370
2026-01-02 09:58:39,16.22,506,8207
2026-01-02 09:58:40,16.22,461,7477
2026-01-02 09:58:41,16.22,477,7737
2026-01-02 09:58:42,16.22,480,7786
2026-01-02 09:58:43,16.22,505,8191
2026-01-02 09:58:44,16.22,488,7915
2026-01-02 09:58:45,16.22,475,7704
2026-01-02 09:58:46,16.22,510,8272
2026-01-02 09:58:47,16.22,509,8256
2026-01-02 09:58:48,16.22,532,8629
2026-01-02 09:58:49,16.22,540,8759
2026-01-02 09:58:50,16.22,498,8078
2026-01-02 09:58:51,16.22,522,8467
2026-01-02 09:58:52,16.22,515,8353
2026-01-02 09:58:53,16.22,481,7802
2026-01-02 09:58:54,16.22,465,7542
2026-01-02 09:58:55,16.22,492,7980
2026-01-02 09:58:56,16.22,546,8856
2026-01-02 09:58:57,16.22,504,8175
2026-01-02 09:58:58,16.22,481,7802
2026-01-02 09:58:59,16.22,517,8386
2026-01-02 09:59:00,16.22,518,8402
2026-01-02 09:59:01,16.22,472,7656
2026-01-02 09:59:02,16.22,465,7542
2026-01-02 09:59:03,16.22,505,8191
2026-01-02 09:59:04,16.22,523,8483
2026-01-02 09:59:05,16.22,502,8142
2026-01-02 09:59:06,16.22,458,7429
2026-01-02 09:59:07,16.22,495,8029
2026-01-02 09:59:08,16.22,478,7753
2026-01-02 09:59:09,16.22,523,8483
2026-01-02 09:59:10,16.22,515,8353
2026-01-02 09:59:11,16.22,495,8029
2026-01-02 09:59:12,16.22,511,8288
2026-01-02 09:59:13,16.22,494,8013
2026-01-02 09:59:14,16.22,515,8353
2026-01-02 09:59:15,16.22,489,7932
2026-01-02 09:59:16,16.22,456,7396
2026-01-02 09:59:17,16.22,494,8013
2026-01-02 09:59:18,16.22,491,7964
2026-01-02 09:59:19,16.22,519,8418
2026-01-02 09:59:20,16.22,492,7980
2026-01-02 09:59:21,16.22,513,8321
2026-01-02 09:59:22,16.22,517,8386
2026-01-02 09:59:23,16.22,502,8142
2026-01-02 09:59:24,16.22,459,7445
2026-01-02 09:59:25,16.22,483,7834
2026-01-02 09:59:26,16.22,465,7542
2026-01-02 09:59:27,16.22,448,7267
2026-01-02 09:59:28,16.22,461,7477
2026-01-02 09:59:29,16.22,507,8224
2026-01-02 09:59:30,16.22,500,8110
2026-01-02 09:59:31,16.22,498,8078
2026-01-02 09:59:32,16.22,486,7883
2026-01-02 09:59:33,16.22,521,8451
2026-01-02 09:59:34,16.22,511,8288
2026-01-02 09:59:35,16.22,463,7510
2026-01-02 09:59:36,16.22,490,7948
2026-01-02 09:59:37,16.22,481,7802
2026-01-02 09:59:38,16.22,524,8499
2026-01-02 09:59:39,16.22,496,8045
2026-01-02 09:59:40,16.22,480,7786
2026-01-02 09:59:41,16.22,499,8094
2026-01-02 09:59:42,16.22,517,8386
2026-01-02 09:59:43,16.22,483,7834
2026-01-02 09:59:44,16.22,495,8029
2026-01-02 09:59:45,16.22,499,8094
2026-01-02 09:59:46,16.22,490,7948
2026-01-02 09:59:47,16.22,503,8159
2026-01-02 09:59:48,16.22,439,7121
2026-01-02 09:59:49,16.22,463,7510
2026-01-02 09:59:50,16.22,492,7980
2026-01-02 09:59:51,16.22,476,7721
2026-01-02 09:59:52,16.22,494,8013
2026-01-02 09:59:53,16.22,454,7364
2026-01-02 09:59:54,16.22,488,7915
2026-01-02 09:59:55,16.22,498,8078
2026-01-02 09:59:56,16.22,511,8288
2026-01-02 09:59:57,16.22,495,8029
2026-01-02 09:59:58,16.22,483,7834
2026-01-02 09:59:59,16.22,496,8045
2026-01-02 10:00:00,16.22,492,7980
2026-01-02 10:00:01,16.22,484,7850
2026-01-02 10:00:02,16.22,490,7948
2026-01-02 10:00:03,16.22,514,8337
2026-01-02 10:00:04,16.22,519,8418
2026-01-02 10:00:05,16.22,488,7915
2026-01-02 10:00:06,16.22,483,7834
2026-01-02 10:00:07,16.22,514,8337
2026-01-02 10:00:08,16.22,496,8045
2026-01-02 10:00:09,16.22,517,8386
2026-01-02 10:00:10,16.22,501,8126
2026-01-02 10:00:11,16.22,477,7737
2026-01-02 10:00:12,16.22,486,7883
2026-01-02 10:00:13,16.22,496,8045
2026-01-02 10:00:14,16.22,459,7445
2026-01-02 10:00:15,16.22,478,7753
2026-01-02 10:00:16,16.22,473,7672
2026-01-02 10:00:17,16.22,496,8045
2026-01-02 10:00:18,16.22,517,8386
2026-01-02 10:00:19,16.22,501,8126
2026-01-02 10:00:20,16.22,474,7688
2026-01-02 10:00:21,16.22,533,8645
2026-01-02 10:00:22,16.22,455,7380
2026-01-02 10:00:23,16.22,519,8418
2026-01-02 10:00:24,16.22,514,8337
2026-01-02 10:00:25,16.22,500,8110
2026-01-02 10:00:26,16.22,500,8110
2026-01-02 10:00:27,16.22,485,7867
2026-01-02 10:00:28,16.22,478,7753
2026-01-02 10:00:29,16.22,493,7996
2026-01-02 10:00:30,16.22,504,8175
2026-01-02 10:00:31,16.22,507,8224
2026-01-02 10:00:32,16.22,489,7932
2026-01-02 10:00:33,16.22,487,7899
2026-01-02 10:00:34,16.22,458,7429
2026-01-02 10:00:35,16.22,476,7721
2026-01-02 10:00:36,16.22,519,8418
2026-01-02 10:00:37,16.22,488,7915
2026-01-02 10:00:38,16.22,468,7591
2026-01-02 10:00:39,16.22,464,7526
2026-01-02 10:00:40,16.22,470,7623
2026-01-02 10:00:41,16.22,496,8045
2026-01-02 10:00:42,16.22,483,7834
2026-01-02 10:00:43,16.22,482,7818
2026-01-02 10:00:44,16.22,466,7559
2026-01-02 10:00:45,16.22,508,8240
2026-01-02 10:00:46,16.22,492,7980
2026-01-02 10:00:47,16.22,479,7769
2026-01-02 10:00:48,16.22,486,7883
2026-01-02 10:00:49,16.22,458,7429
2026-01-02 10:00:50,16.22,472,7656
2026-01-02 10:00:51,16.22,508,8240
2026-01-02 10:00:52,16.22,466,7559
2026-01-02 10:00:53,16.22,491,7964
2026-01-02 10:00:54,16.22,499,8094
2026-01-02 10:00:55,16.22,520,8434
2026-01-02 10:00:56,16.22,497,8061
2026-01-02 10:00:57,16.22,496,8045
2026-01-02 10:00:58,16.22,482,7818
2026-01-02 10:00:59,16.22,468,7591
2026-01-02 10:01:00,16.22,507,8224
2026-01-02 10:01:01,16.22,483,7834
2026-01-02 10:01:02,16.22,492,7980
2026-01-02 10:01:03,16.22,516,8370
2026-01-02 10:01:04,16.22,521,8451
2026-01-02 10:01:05,16.22,494,8013
2026-01-02 10:01:06,16.22,488,7915
2026-01-02 10:01:07,16.22,487,7899
2026-01-02 10:01:08,16.22,449,7283
2026-01-02 10:01:09,16.22,464,7526
2026-01-02 10:01:10,16.22,494,8013
2026-01-02 10:01:11,16.22,488,7915
2026-01-02 10:01:12,16.22,476,7721
2026-01-02 10:01:13,16.22,473,7672
2026-01-02 10:01:14,16.22,454,7364
2026-01-02 10:01:15,16.22,469,7607
2026-01-02 10:01:16,16.22,480,7786
2026-01-02 10:01:17,16.22,476,7721
2026-01-02 10:01:18,16.22,476,7721
2026-01-02 10:01:19,16.22,469,7607
2026-01-02 10:01:20,16.22,510,8272
2026-01-02 10:01:21,16.22,487,7899
2026-01-02 10:01:22,16.22,512,8305
2026-01-02 10:01:23,16.22,462,7494
2026-01-02 10:01:24,16.22,459,7445
2026-01-02 10:01:25,16.22,536,8694
2026-01-02 10:01:26,16.22,493,7996
2026-01-02 10:01:27,16.22,485,7867
2026-01-02 10:01:28,16.22,473,7672
2026-01-02 10:01:29,16.22,487,7899
2026-01-02 10:01:30,16.22,468,7591
2026-01-02 10:01:31,16.22,486,7883
2026-01-02 10:01:32,16.22,517,8386
2026-01-02 10:01:33,16.22,488,7915
2026-01-02 10:01:34,16.22,511,8288
2026-01-02 10:01:35,16.22,457,7413
2026-01-02 10:01:36,16.22,529,8580
2026-01-02 10:01:37,16.22,489,7932
2026-01-02 10:01:38,16.22,443,7185
2026-01-02 10:01:39,16.22,453,7348
2026-01-02 10:01:40,16.22,453,7348
2026-01-02 10:01:41,16.22,451,7315
2026-01-02 10:01:42,16.22,448,7267
2026-01-02 10:01:43,16.22,483,7834
2026-01-02 10:01:44,16.22,504,8175
2026-01-02 10:01:45,16.22,513,8321
2026-01-02 10:01:46,16.22,465,7542
2026-01-02 10:01:47,16.22,440,7137
2026-01-02 10:01:48,16.22,490,7948
2026-01-02 10:01:49,16.22,468,7591
2026-01-02 10:01:50,16.22,536,8694
2026-01-02 10:01:51,16.22,460,7461
2026-01-02 10:01:52,16.22,486,7883
2026-01-02 10:01:53,16.22,432,7007
2026-01-02 10:01:54,16.22,516,8370
2026-01-02 10:01:55,16.22,515,8353
2026-01-02 10:01:56,16.22,481,7802
2026-01-02 10:01:57,16.22,451,7315
2026-01-02 10:01:58,16.22,500,8110
2026-01-02 10:01:59,16.22,464,7526
2026-01-02 10:02:00,16.22,491,7964
2026-01-02 10:02:01,16.22,498,8078
2026-01-02 10:02:02,16.22,499,8094
2026-01-02 10:02:03,16.22,466,7559
2026-01-02 10:02:04,16.22,479,7769
2026-01-02 10:02:05,16.22,497,8061
2026-01-02 10:02:06,16.22,514,8337
2026-01-02 10:02:07,16.22,448,7267
2026-01-02 10:02:08,16.22,480,7786
2026-01-02 10:02:09,16.22,484,7850
2026-01-02 10:02:10,16.22,490,7948
2026-01-02 10:02:11,16.22,483,7834
2026-01-02 10:02:12,16.22,467,7575
2026-01-02 10:02:13,16.22,508,8240
2026-01-02 10:02:14,16.22,512,8305
2026-01-02 10:02:15,16.22,485,7867
2026-01-02 10:02:16,16.22,442,7169
2026-01-02 10:02:17,16.22,491,7964
2026-01-02 10:02:18,16.22,513,8321
2026-01-02 10:02:19,16.22,483,7834
2026-01-02 10:02:20,16.22,458,7429
2026-01-02 10:02:21,16.22,504,8175
2026-01-02 10:02:22,16.22,493,7996
2026-01-02 10:02:23,16.22,457,7413
2026-01-02 10:02:24,16.22,468,7591
2026-01-02 10:02:25,16.22,469,7607
2026-01-02 10:02:26,16.22,452,7331
2026-01-02 10:02:27,16.22,484,7850
2026-01-02 10:02:28,16.22,502,8142
2026-01-02 10:02:29,16.22,436,7072
2026-01-02 10:02:30,16.22,479,7769
2026-01-02 10:02:31,16.22,460,7461
2026-01-02 10:02:32,16.22,464,7526
2026-01-02 10:02:33,16.22,445,7218
2026-01-02 10:02:34,16.22,490,7948
2026-01-02 10:02:35,16.22,471,7640
2026-01-02 10:02:36,16.22,478,7753
2026-01-02 10:02:37,16.22,467,7575
2026-01-02 10:02:38,16.22,469,7607
2026-01-02 10:02:39,16.22,455,7380
2026-01-02 10:02:40,16.22,492,7980
2026-01-02 10:02:41,16.22,494,8013
2026-01-02 10:02:42,16.22,454,7364
2026-01-02 10:02:43,16.22,449,7283
2026-01-02 10:02:44,16.22,443,7185
2026-01-02 10:02:45,16.22,473,7672
2026-01-02 10:02:46,16.22,488,7915
2026-01-02 10:02:47,16.22,484,7850
2026-01-02 10:02:48,16.22,503,8159
2026-01-02 10:02:49,16.22,508,8240
2026-01-02 10:02:50,16.22,532,8629
2026-01-02 10:02:51,16.22,488,7915
2026-01-02 10:02:52,16.22,526,8532
2026-01-02 10:02:53,16.22,526,8532
2026-01-02 10:02:54,16.22,488,7915
2026-01-02 10:02:55,16.22,455,7380
2026-01-02 10:02:56,16.22,495,8029
2026-01-02 10:02:57,16.22,503,8159
2026-01-02 10:02:58,16.22,451,7315
2026-01-02 10:02:59,16.22,458,7429
2026-01-02 10:03:00,16.22,441,7153
2026-01-02 10:03:01,16.22,492,7980
2026-01-02 10:03:02,16.22,483,7834
2026-01-02 10:03:03,16.22,510,8272
2026-01-02 10:03:04,16.22,471,7640
2026-01-02 10:03:05,16.22,475,7704
2026-01-02 10:03:06,16.22,470,7623
2026-01-02 10:03:07,16.22,499,8094
2026-01-02 10:03:08,16.22,500,8110
2026-01-02 10:03:09,16.22,500,8110
2026-01-02 10:03:10,16.22,459,7445
2026-01-02 10:03:11,16.22,507,8224
2026-01-02 10:03:12,16.22,518,8402
2026-01-02 10:03:13,16.22,459,7445
2026-01-02 10:03:14,16.22,500,8110
2026-01-02 10:03:15,16.22,498,8078
2026-01-02 10:03:16,16.22,500,8110
2026-01-02 10:03:17,16.22,422,6845
2026-01-02 10:03:18,16.22,437,7088
2026-01-02 10:03:19,16.22,506,8207
2026-01-02 10:03:20,16.22,467,7575
2026-01-02 10:03:21,16.22,488,7915
2026-01-02 10:03:22,16.22,513,8321
2026-01-02 10:03:23,16.22,486,7883
2026-01-02 10:03:24,16.22,494,8013
2026-01-02 10:03:25,16.22,475,7704
2026-01-02 10:03:26,16.22,511,8288
2026-01-02 10:03:27,16.22,512,8305
2026-01-02 10:03:28,16.22,451,7315
2026-01-02 10:03:29,16.22,505,8191
2026-01-02 10:03:30,16.22,495,8029
2026-01-02 10:03:31,16.22,491,7964
2026-01-02 10:03:32,16.22,480,7786
2026-01-02 10:03:33,16.22,472,7656
2026-01-02 10:03:34,16.22,455,7380
2026-01-02 10:03:35,16.22,516,8370
2026-01-02 10:03:36,16.22,436,7072
2026-01-02 10:03:37,16.22,489,7932
2026-01-02 10:03:38,16.22,501,8126
2026-01-02 10:03:39,16.22,476,7721
2026-01-02 10:03:40,16.22,470,7623
2026-01-02 10:03:41,16.22,457,7413
2026-01-02 10:03:42,16.22,487,7899
2026-01-02 10:03:43,16.22,469,7607
2026-01-02 10:03:44,16.22,475,7704
2026-01-02 10:03:45,16.22,465,7542
2026-01-02 10:03:46,16.22,487,7899
2026-01-02 10:03:47,16.22,456,7396
2026-01-02 10:03:48,16.22,469,7607
2026-01-02 10:03:49,16.22,457,7413
2026-01-02 10:03:50,16.22,464,7526
2026-01-02 10:03:51,16.22,472,7656
2026-01-02 10:03:52,16.22,469,7607
2026-01-02 10:03:53,16.22,519,8418
2026-01-02 10:03:54,16.22,470,7623
2026-01-02 10:03:55,16.22,496,8045
2026-01-02 10:03:56,16.22,514,8337
2026-01-02 10:03:57,16.22,409,6634
2026-01-02 10:03:58,16.22,448,7267
2026-01-02 10:03:59,16.22,526,8532
2026-01-02 10:04:00,16.22,481,7802
2026-01-02 10:04:01,16.22,471,7640
2026-01-02 10:04:02,16.22,467,7575
2026-01-02 10:04:03,16.22,480,7786
2026-01-02 10:04:04,16.22,446,7234
2026-01-02 10:04:05,16.22,416,6748
2026-01-02 10:04:06,16.22,496,8045
2026-01-02 10:04:07,16.22,489,7932
2026-01-02 10:04:08,16.22,437,7088
2026-01-02 10:04:09,16.22,447,7250
2026-01-02 10:04:10,16.22,445,7218
2026-01-02 10:04:11,16.22,476,7721
2026-01-02 10:04:12,16.22,485,7867
2026-01-02 10:04:13,16.22,474,7688
2026-01-02 10:04:14,16.22,456,7396
2026-01-02 10:04:15,16.22,446,7234
2026-01-02 10:04:16,16.22,479,7769
2026-01-02 10:04:17,16.22,489,7932
2026-01-02 10:04:18,16.22,454,7364
2026-01-02 10:04:19,16.22,482,7818
2026-01-02 10:04:20,16.22,493,7996
2026-01-02 10:04:21,16.22,529,8580
2026-01-02 10:04:22,16.22,462,7494
2026-01-02 10:04:23,16.22,485,7867
2026-01-02 10:04:24,16.22,459,7445
2026-01-02 10:04:25,16.22,488,7915
2026-01-02 10:04:26,16.22,482,7818
2026-01-02 10:04:27,16.22,472,7656
2026-01-02 10:04:28,16.22,482,7818
2026-01-02 10:04:29,16.22,443,7185
2026-01-02 10:04:30,16.22,487,7899
2026-01-02 10:04:31,16.22,470,7623
2026-01-02 10:04:32,16.22,482,7818
2026-01-02 10:04:33,16.22,462,7494
2026-01-02 10:04:34,16.22,473,7672
2026-01-02 10:04:35,16.22,456,7396
2026-01-02 10:04:36,16.22,501,8126
2026-01-02 10:04:37,16.22,462,7494
2026-01-02 10:04:38,16.22,484,7850
2026-01-02 10:04:39,16.22,452,7331
2026-01-02 10:04:40,16.22,502,8142
2026-01-02 10:04:41,16.22,470,7623
2026-01-02 10:04:42,16.22,473,7672
2026-01-02 10:04:43,16.22,481,7802
2026-01-02 10:04:44,16.22,497,8061
2026-01-02 10:04:45,16.22,458,7429
2026-01-02 10:04:46,16.22,462,7494
2026-01-02 10:04:47,16.22,458,7429
2026-01-02 10:04:48,16.22,484,7850
2026-01-02 10:04:49,16.22,440,7137
2026-01-02 10:04:50,16.22,455,7380
2026-01-02 10:04:51,16.22,498,8078
2026-01-02 10:04:52,16.22,427,6926
2026-01-02 10:04:53,16.22,465,7542
2026-01-02 10:04:54,16.22,468,7591
2026-01-02 10:04:55,16.22,468,7591
2026-01-02 10:04:56,16.22,458,7429
2026-01-02 10:04:57,16.22,449,7283
2026-01-02 10:04:58,16.22,433,7023
2026-01-02 10:04:59,16.22,504,8175
2026-01-02 10:05:00,16.22,498,8078
2026-01-02 10:05:01,16.22,478,7753
2026-01-02 10:05:02,16.22,449,7283
2026-01-02 10:05:03,16.22,511,8288
2026-01-02 10:05:04,16.22,458,7429
2026-01-02 10:05:05,16.22,475,7704
2026-01-02 10:05:06,16.22,478,7753
2026-01-02 10:05:07,16.22,488,7915
2026-01-02 10:05:08,16.22,446,7234
2026-01-02 10:05:09,16.22,481,7802
2026-01-02 10:05:10,16.22,432,7007
2026-01-02 10:05:11,16.22,423,6861
2026-01-02 10:05:12,16.22,437,7088
2026-01-02 10:05:13,16.22,459,7445
2026-01-02 10:05:14,16.22,466,7559
2026-01-02 10:05:15,16.22,422,6845
2026-01-02 10:05:16,16.22,515,8353
2026-01-02 10:05:17,16.22,451,7315
2026-01-02 10:05:18,16.22,464,7526
2026-01-02 10:05:19,16.22,488,7915
2026-01-02 10:05:20,16.22,506,8207
2026-01-02 10:05:21,16.22,448,7267
2026-01-02 10:05:22,16.22,476,7721
2026-01-02 10:05:23,16.22,469,7607
2026-01-02 10:05:24,16.22,457,7413
2026-01-02 10:05:25,16.22,467,7575
2026-01-02 10:05:26,16.22,481,7802
2026-01-02 10:05:27,16.22,476,7721
2026-01-02 10:05:28,16.22,455,7380
2026-01-02 10:05:29,16.22,474,7688
2026-01-02 10:05:30,16.22,469,7607
2026-01-02 10:05:31,16.22,500,8110
2026-01-02 10:05:32,16.22,488,7915
2026-01-02 10:05:33,16.22,493,7996
2026-01-02 10:05:34,16.22,480,7786
2026-01-02 10:05:35,16.22,463,7510
2026-01-02 10:05:36,16.22,457,7413
2026-01-02 10:05:37,16.22,463,7510
2026-01-02 10:05:38,16.22,505,8191
2026-01-02 10:05:39,16.22,476,7721
2026-01-02 10:05:40,16.22,463,7510
2026-01-02 10:05:41,16.22,448,7267
2026-01-02 10:05:42,16.22,448,7267
2026-01-02 10:05:43,16.22,501,8126
2026-01-02 10:05:44,16.22,513,8321
2026-01-02 10:05:45,16.22,450,7299
2026-01-02 10:05:46,16.22,486,7883
2026-01-02 10:05:47,16.22,470,7623
2026-01-02 10:05:48,16.22,440,7137
2026-01-02 10:05:49,16.22,493,7996
2026-01-02 10:05:50,16.22,432,7007
2026-01-02 10:05:51,16.22,484,7850
2026-01-02 10:05:52,16.22,461,7477
2026-01-02 10:05:53,16.22,464,7526
2026-01-02 10:05:54,16.22,451,7315
2026-01-02 10:05:55,16.22,490,7948
2026-01-02 10:05:56,16.22,479,7769
2026-01-02 10:05:57,16.22,478,7753
2026-01-02 10:05:58,16.22,461,7477
2026-01-02 10:05:59,16.22,455,7380
2026-01-02 10:06:00,16.22,456,7396
2026-01-02 10:06:01,16.22,444,7202
2026-01-02 10:06:02,16.22,464,7526
2026-01-02 10:06:03,16.22,464,7526
2026-01-02 10:06:04,16.22,452,7331
2026-01-02 10:06:05,16.22,493,7996
2026-01-02 10:06:06,16.22,462,7494
2026-01-02 10:06:07,16.22,461,7477
2026-01-02 10:06:08,16.22,497,8061
2026-01-02 10:06:09,16.22,440,7137
2026-01-02 10:06:10,16.22,468,7591
2026-01-02 10:06:11,16.22,463,7510
2026-01-02 10:06:12,16.22,485,7867
2026-01-02 10:06:13,16.22,457,7413
2026-01-02 10:06:14,16.22,481,7802
2026-01-02 10:06:15,16.22,452,7331
2026-01-02 10:06:16,16.22,440,7137
2026-01-02 10:06:17,16.22,467,7575
2026-01-02 10:06:18,16.22,481,7802
2026-01-02 10:06:19,16.22,497,8061
2026-01-02 10:06:20,16.22,457,7413
2026-01-02 10:06:21,16.22,483,7834
2026-01-02 10:06:22,16.22,459,7445
2026-01-02 10:06:23,16.22,470,7623
2026-01-02 10:06:24,16.22,476,7721
2026-01-02 10:06:25,16.22,449,7283
2026-01-02 10:06:26,16.22,480,7786
2026-01-02 10:06:27,16.22,485,7867
2026-01-02 10:06:28,16.22,438,7104
2026-01-02 10:06:29,16.22,471,7640
2026-01-02 10:06:30,16.22,460,7461
2026-01-02 10:06:31,16.22,440,7137
2026-01-02 10:06:32,16.22,458,7429
2026-01-02 10:06:33,16.22,461,7477
2026-01-02 10:06:34,16.22,458,7429
2026-01-02 10:06:35,16.22,466,7559
2026-01-02 10:06:36,16.22,475,7704
2026-01-02 10:06:37,16.22,470,7623
2026-01-02 10:06:38,16.22,446,7234
2026-01-02 10:06:39,16.22,464,7526
2026-01-02 10:06:40,16.22,486,7883
2026-01-02 10:06:41,16.22,415,6731
2026-01-02 10:06:42,16.22,448,7267
2026-01-02 10:06:43,16.22,427,6926
2026-01-02 10:06:44,16.22,427,6926
2026-01-02 10:06:45,16.22,458,7429
2026-01-02 10:06:46,16.22,491,7964
2026-01-02 10:06:47,16.22,469,7607
2026-01-02 10:06:48,16.22,475,7704
2026-01-02 10:06:49,16.22,464,7526
2026-01-02 10:06:50,16.22,483,7834
2026-01-02 10:06:51,16.22,519,8418
2026-01-02 10:06:52,16.22,458,7429
2026-01-02 10:06:53,16.22,480,7786
2026-01-02 10:06:54,16.22,495,8029
2026-01-02 10:06:55,16.22,433,7023
2026-01-02 10:06:56,16.22,457,7413
2026-01-02 10:06:57,16.22,456,7396
2026-01-02 10:06:58,16.22,465,7542
2026-01-02 10:06:59,16.22,478,7753
2026-01-02 10:07:00,16.22,451,7315
2026-01-02 10:07:01,16.22,450,7299
2026-01-02 10:07:02,16.22,470,7623
2026-01-02 10:07:03,16.22,465,7542
2026-01-02 10:07:04,16.22,438,7104
2026-01-02 10:07:05,16.22,462,7494
2026-01-02 10:07:06,16.22,482,7818
2026-01-02 10:07:07,16.22,458,7429
2026-01-02 10:07:08,16.22,480,7786
2026-01-02 10:07:09,16.22,438,7104
2026-01-02 10:07:10,16.22,470,7623
2026-01-02 10:07:11,16.22,482,7818
2026-01-02 10:07:12,16.22,467,7575
2026-01-02 10:07:13,16.22,432,7007
2026-01-02 10:07:14,16.22,445,7218
2026-01-02 10:07:15,16.22,469,7607
2026-01-02 10:07:16,16.22,460,7461
2026-01-02 10:07:17,16.22,424,6877
2026-01-02 10:07:18,16.22,471,7640
2026-01-02 10:07:19,16.22,470,7623
2026-01-02 10:07:20,16.22,431,6991
2026-01-02 10:07:21,16.22,431,6991
2026-01-02 10:07:22,16.22,447,7250
2026-01-02 10:07:23,16.22,470,7623
2026-01-02 10:07:24,16.22,457,7413
2026-01-02 10:07:25,16.22,452,7331
2026-01-02 10:07:26,16.22,451,7315
2026-01-02 10:07:27,16.22,463,7510
2026-01-02 10:07:28,16.22,443,7185
2026-01-02 10:07:29,16.22,451,7315
2026-01-02 10:07:30,16.22,466,7559
2026-01-02 10:07:31,16.22,512,8305
2026-01-02 10:07:32,16.22,417,6764
2026-01-02 10:07:33,16.22,481,7802
2026-01-02 10:07:34,16.22,472,7656
2026-01-02 10:07:35,16.22,460,7461
2026-01-02 10:07:36,16.22,476,7721
2026-01-02 10:07:37,16.22,492,7980
2026-01-02 10:07:38,16.22,466,7559
2026-01-02 10:07:39,16.22,463,7510
2026-01-02 10:07:40,16.22,479,7769
2026-01-02 10:07:41,16.22,442,7169
2026-01-02 10:07:42,16.22,455,7380
2026-01-02 10:07:43,16.22,450,7299
2026-01-02 10:07:44,16.22,464,7526
2026-01-02 10:07:45,16.22,424,6877
2026-01-02 10:07:46,16.22,446,7234
2026-01-02 10:07:47,16.22,446,7234
2026-01-02 10:07:48,16.22,439,7121
2026-01-02 10:07:49,16.22,469,7607
2026-01-02 10:07:50,16.22,436,7072
2026-01-02 10:07:51,16.22,482,7818
2026-01-02 10:07:52,16.22,440,7137
2026-01-02 10:07:53,16.22,456,7396
2026-01-02 10:07:54,16.22,441,7153
2026-01-02 10:07:55,16.22,444,7202
2026-01-02 10:07:56,16.22,492,7980
2026-01-02 10:07:57,16.22,515,8353
2026-01-02 10:07:58,16.22,492,7980
2026-01-02 10:07:59,16.22,452,7331
2026-01-02 10:08:00,16.22,446,7234
2026-01-02 10:08:01,16.22,473,7672
2026-01-02 10:08:02,16.22,442,7169
2026-01-02 10:08:03,16.22,431,6991
2026-01-02 10:08:04,16.22,459,7445
2026-01-02 10:08:05,16.22,460,7461
2026-01-02 10:08:06,16.22,420,6812
2026-01-02 10:08:07,16.22,483,7834
2026-01-02 10:08:08,16.22,427,6926
2026-01-02 10:08:09,16.22,486,7883
2026-01-02 10:08:10,16.22,456,7396
2026-01-02 10:08:11,16.22,433,7023
2026-01-02 10:08:12,16.22,458,7429
2026-01-02 10:08:13,16.22,485,7867
2026-01-02 10:08:14,16.22,493,7996
2026-01-02 10:08:15,16.22,441,7153
2026-01-02 10:08:16,16.22,445,7218
2026-01-02 10:08:17,16.22,448,7267
2026-01-02 10:08:18,16.22,448,7267
2026-01-02 10:08:19,16.22,468,7591
2026-01-02 10:08:20,16.22,446,7234
2026-01-02 10:08:21,16.22,424,6877
2026-01-02 10:08:22,16.22,450,7299
2026-01-02 10:08:23,16.22,447,7250
2026-01-02 10:08:24,16.22,509,8256
2026-01-02 10:08:25,16.22,456,7396
2026-01-02 10:08:26,16.22,469,7607
2026-01-02 10:08:27,16.22,524,8499
2026-01-02 10:08:28,16.22,433,7023
2026-01-02 10:08:29,16.22,448,7267
2026-01-02 10:08:30,16.22,479,7769
2026-01-02 10:08:31,16.22,429,6958
2026-01-02 10:08:32,16.22,444,7202
2026-01-02 10:08:33,16.22,446,7234
2026-01-02 10:08:34,16.22,467,7575
2026-01-02 10:08:35,16.22,450,7299
2026-01-02 10:08:36,16.22,445,7218
2026-01-02 10:08:37,16.22,489,7932
2026-01-02 10:08:38,16.22,463,7510
2026-01-02 10:08:39,16.22,457,7413
2026-01-02 10:08:40,16.22,467,7575
2026-01-02 10:08:41,16.22,464,7526
2026-01-02 10:08:42,16.22,458,7429
2026-01-02 10:08:43,16.22,444,7202
2026-01-02 10:08:44,16.22,453,7348
2026-01-02 10:08:45,16.22,457,7413
2026-01-02 10:08:46,16.22,423,6861
2026-01-02 10:08:47,16.22,464,7526
2026-01-02 10:08:48,16.22,414,6715
2026-01-02 10:08:49,16.22,465,7542
2026-01-02 10:08:50,16.22,456,7396
2026-01-02 10:08:51,16.22,487,7899
2026-01-02 10:08:52,16.22,478,7753
2026-01-02 10:08:53,16.22,449,7283
2026-01-02 10:08:54,16.22,467,7575
2026-01-02 10:08:55,16.22,458,7429
2026-01-02 10:08:56,16.22,442,7169
2026-01-02 10:08:57,16.22,452,7331
2026-01-02 10:08:58,16.22,421,6829
2026-01-02 10:08:59,16.22,436,7072
2026-01-02 10:09:00,16.22,432,7007
2026-01-02 10:09:01,16.22,471,7640
2026-01-02 10:09:02,16.22,473,7672
2026-01-02 10:09:03,16.22,473,7672
2026-01-02 10:09:04,16.22,421,6829
2026-01-02 10:09:05,16.22,411,6666
2026-01-02 10:09:06,16.22,469,7607
2026-01-02 10:09:07,16.22,419,6796
2026-01-02 10:09:08,16.22,421,6829
2026-01-02 10:09:09,16.22,449,7283
2026-01-02 10:09:10,16.22,439,7121
2026-01-02 10:09:11,16.22,468,7591
2026-01-02 10:09:12,16.22,447,7250
2026-01-02 10:09:13,16.22,482,7818
2026-01-02 10:09:14,16.22,482,7818
2026-01-02 10:09:15,16.22,420,6812
2026-01-02 10:09:16,16.22,476,7721
2026-01-02 10:09:17,16.22,477,7737
2026-01-02 10:09:18,16.22,451,7315
2026-01-02 10:09:19,16.22,429,6958
2026-01-02 10:09:20,16.22,457,7413
2026-01-02 10:09:21,16.22,463,7510
2026-01-02 10:09:22,16.22,490,7948
2026-01-02 10:09:23,16.22,465,7542
2026-01-02 10:09:24,16.22,485,7867
2026-01-02 10:09:25,16.22,440,7137
2026-01-02 10:09:26,16.22,438,7104
2026-01-02 10:09:27,16.22,449,7283
2026-01-02 10:09:28,16.22,440,7137
2026-01-02 10:09:29,16.22,460,7461
2026-01-02 10:09:30,16.22,425,6893
2026-01-02 10:09:31,16.22,428,6942
2026-01-02 10:09:32,16.22,434,7039
2026-01-02 10:09:33,16.22,454,7364
2026-01-02 10:09:34,16.22,484,7850
2026-01-02 10:09:35,16.22,451,7315
2026-01-02 10:09:36,16.22,460,7461
2026-01-02 10:09:37,16.22,489,7932
2026-01-02 10:09:38,16.22,449,7283
2026-01-02 10:09:39,16.22,420,6812
2026-01-02 10:09:40,16.22,458,7429
2026-01-02 10:09:41,16.22,480,7786
2026-01-02 10:09:42,16.22,427,6926
2026-01-02 10:09:43,16.22,451,7315
2026-01-02 10:09:44,16.22,445,7218
2026-01-02 10:09:45,16.22,427,6926
2026-01-02 10:09:46,16.22,424,6877
2026-01-02 10:09:47,16.22,442,7169
2026-01-02 10:09:48,16.22,435,7056
2026-01-02 10:09:49,16.22,429,6958
2026-01-02 10:09:50,16.22,421,6829
2026-01-02 10:09:51,16.22,456,7396
2026-01-02 10:09:52,16.22,441,7153
2026-01-02 10:09:53,16.22,423,6861
2026-01-02 10:09:54,16.22,439,7121
2026-01-02 10:09:55,16.22,446,7234
2026-01-02 10:09:56,16.22,455,7380
2026-01-02 10:09:57,16.22,461,7477
2026-01-02 10:09:58,16.22,484,7850
2026-01-02 10:09:59,16.22,459,7445
2026-01-02 10:10:00,16.22,465,7542
2026-01-02 10:10:01,16.22,470,7623
2026-01-02 10:10:02,16.22,478,7753
2026-01-02 10:10:03,16.22,404,6553
2026-01-02 10:10:04,16.22,449,7283
2026-01-02 10:10:05,16.22,454,7364
2026-01-02 10:10:06,16.22,466,7559
2026-01-02 10:10:07,16.22,473,7672
2026-01-02 10:10:08,16.22,400,6488
2026-01-02 10:10:09,16.22,456,7396
2026-01-02 10:10:10,16.22,447,7250
2026-01-02 10:10:11,16.22,415,6731
2026-01-02 10:10:12,16.22,415,6731
2026-01-02 10:10:13,16.22,435,7056
2026-01-02 10:10:14,16.22,434,7039
2026-01-02 10:10:15,16.22,456,7396
2026-01-02 10:10:16,16.22,430,6975
2026-01-02 10:10:17,16.22,426,6910
2026-01-02 10:10:18,16.22,464,7526
2026-01-02 10:10:19,16.22,425,6893
2026-01-02 10:10:20,16.22,447,7250
2026-01-02 10:10:21,16.22,456,7396
2026-01-02 10:10:22,16.22,459,7445
2026-01-02 10:10:23,16.22,444,7202
2026-01-02 10:10:24,16.22,428,6942
2026-01-02 10:10:25,16.22,446,7234
2026-01-02 10:10:26,16.22,474,7688
2026-01-02 10:10:27,16.22,469,7607
2026-01-02 10:10:28,16.22,435,7056
2026-01-02 10:10:29,16.22,421,6829
2026-01-02 10:10:30,16.22,425,6893
2026-01-02 10:10:31,16.22,395,6407
2026-01-02 10:10:32,16.22,449,7283
2026-01-02 10:10:33,16.22,456,7396
2026-01-02 10:10:34,16.22,423,6861
2026-01-02 10:10:35,16.22,461,7477
2026-01-02 10:10:36,16.22,453,7348
2026-01-02 10:10:37,16.22,444,7202
2026-01-02 10:10:38,16.22,477,7737
2026-01-02 10:10:39,16.22,490,7948
2026-01-02 10:10:40,16.22,483,7834
2026-01-02 10:10:41,16.22,433,7023
2026-01-02 10:10:42,16.22,415,6731
2026-01-02 10:10:43,16.22,427,6926
2026-01-02 10:10:44,16.22,449,7283
2026-01-02 10:10:45,16.22,460,7461
2026-01-02 10:10:46,16.22,444,7202
2026-01-02 10:10:47,16.22,457,7413
2026-01-02 10:10:48,16.22,454,7364
2026-01-02 10:10:49,16.22,451,7315
2026-01-02 10:10:50,16.22,454,7364
2026-01-02 10:10:51,16.22,422,6845
2026-01-02 10:10:52,16.22,439,7121
2026-01-02 10:10:53,16.22,455,7380
2026-01-02 10:10:54,16.22,462,7494
2026-01-02 10:10:55,16.22,433,7023
2026-01-02 10:10:56,16.22,421,6829
2026-01-02 10:10:57,16.22,472,7656
2026-01-02 10:10:58,16.22,453,7348
2026-01-02 10:10:59,16.22,430,6975
2026-01-02 10:11:00,16.22,429,6958
2026-01-02 10:11:01,16.22,465,7542
2026-01-02 10:11:02,16.22,440,7137
2026-01-02 10:11:03,16.22,449,7283
2026-01-02 10:11:04,16.22,420,6812
2026-01-02 10:11:05,16.22,457,7413
2026-01-02 10:11:06,16.22,453,7348
2026-01-02 10:11:07,16.22,412,6683
2026-01-02 10:11:08,16.22,457,7413
2026-01-02 10:11:09,16.22,461,7477
2026-01-02 10:11:10,16.22,453,7348
2026-01-02 10:11:11,16.22,448,7267
2026-01-02 10:11:12,16.22,463,7510
2026-01-02 10:11:13,16.22,452,7331
2026-01-02 10:11:14,16.22,489,7932
2026-01-02 10:11:15,16.22,426,6910
2026-01-02 10:11:16,16.22,427,6926
2026-01-02 10:11:17,16.22,432,7007
2026-01-02 10:11:18,16.22,438,7104
2026-01-02 10:11:19,16.22,430,6975
2026-01-02 10:11:20,16.22,457,7413
2026-01-02 10:11:21,16.22,432,7007
2026-01-02 10:11:22,16.22,428,6942
2026-01-02 10:11:23,16.22,421,6829
2026-01-02 10:11:24,16.22,463,7510
2026-01-02 10:11:25,16.22,423,6861
2026-01-02 10:11:26,16.22,491,7964
2026-01-02 10:11:27,16.22,424,6877
2026-01-02 10:11:28,16.22,456,7396
2026-01-02 10:11:29,16.22,434,7039
2026-01-02 10:11:30,16.22,450,7299
2026-01-02 10:11:31,16.22,444,7202
2026-01-02 10:11:32,16.22,452,7331
2026-01-02 10:11:33,16.22,424,6877
2026-01-02 10:11:34,16.22,440,7137
2026-01-02 10:11:35,16.22,431,6991
2026-01-02 10:11:36,16.22,462,7494
2026-01-02 10:11:37,16.22,434,7039
2026-01-02 10:11:38,16.22,449,7283
2026-01-02 10:11:39,16.22,406,6585
2026-01-02 10:11:40,16.22,425,6893
2026-01-02 10:11:41,16.22,438,7104
2026-01-02 10:11:42,16.22,451,7315
2026-01-02 10:11:43,16.22,421,6829
2026-01-02 10:11:44,16.22,444,7202
2026-01-02 10:11:45,16.22,465,7542
2026-01-02 10:11:46,16.22,434,7039
2026-01-02 10:11:47,16.22,414,6715
2026-01-02 10:11:48,16.22,425,6893
2026-01-02 10:11:49,16.22,436,7072
2026-01-02 10:11:50,16.22,451,7315
2026-01-02 10:11:51,16.22,436,7072
2026-01-02 10:11:52,16.22,425,6893
2026-01-02 10:11:53,16.22,431,6991
2026-01-02 10:11:54,16.22,465,7542
2026-01-02 10:11:55,16.22,435,7056
2026-01-02 10:11:56,16.22,427,6926
2026-01-02 10:11:57,16.22,431,6991
2026-01-02 10:11:58,16.22,447,7250
2026-01-02 10:11:59,16.22,434,7039
2026-01-02 10:12:00,16.22,432,7007
2026-01-02 10:12:01,16.22,432,7007
2026-01-02 10:12:02,16.22,423,6861
2026-01-02 10:12:03,16.22,454,7364
2026-01-02 10:12:04,16.22,405,6569
2026-01-02 10:12:05,16.22,431,6991
2026-01-02 10:12:06,16.22,477,7737
2026-01-02 10:12:07,16.22,433,7023
2026-01-02 10:12:08,16.22,411,6666
2026-01-02 10:12:09,16.22,432,7007
2026-01-02 10:12:10,16.22,483,7834
2026-01-02 10:12:11,16.22,444,7202
2026-01-02 10:12:12,16.22,457,7413
2026-01-02 10:12:13,16.22,421,6829
2026-01-02 10:12:14,16.22,427,6926
2026-01-02 10:12:15,16.22,463,7510
2026-01-02 10:12:16,16.22,428,6942
2026-01-02 10:12:17,16.22,478,7753
2026-01-02 10:12:18,16.22,427,6926
2026-01-02 10:12:19,16.22,463,7510
2026-01-02 10:12:20,16.22,433,7023
2026-01-02 10:12:21,16.22,466,7559
2026-01-02 10:12:22,16.22,448,7267
2026-01-02 10:12:23,16.22,450,7299
2026-01-02 10:12:24,16.22,385,6245
2026-01-02 10:12:25,16.22,447,7250
2026-01-02 10:12:26,16.22,464,7526
2026-01-02 10:12:27,16.22,457,7413
2026-01-02 10:12:28,16.22,421,6829
2026-01-02 10:12:29,16.22,425,6893
2026-01-02 10:12:30,16.22,422,6845
2026-01-02 10:12:31,16.22,456,7396
2026-01-02 10:12:32,16.22,450,7299
2026-01-02 10:12:33,16.22,444,7202
2026-01-02 10:12:34,16.22,434,7039
2026-01-02 10:12:35,16.22,436,7072
2026-01-02 10:12:36,16.22,422,6845
2026-01-02 10:12:37,16.22,440,7137
2026-01-02 10:12:38,16.22,419,6796
2026-01-02 10:12:39,16.22,422,6845
2026-01-02 10:12:40,16.22,453,7348
2026-01-02 10:12:41,16.22,432,7007
2026-01-02 10:12:42,16.22,380,6164
2026-01-02 10:12:43,16.22,450,7299
2026-01-02 10:12:44,16.22,402,6520
2026-01-02 10:12:45,16.22,426,6910
2026-01-02 10:12:46,16.22,427,6926
2026-01-02 10:12:47,16.22,438,7104
2026-01-02 10:12:48,16.22,408,6618
2026-01-02 10:12:49,16.22,448,7267
2026-01-02 10:12:50,16.22,460,7461
2026-01-02 10:12:51,16.22,482,7818
2026-01-02 10:12:52,16.22,414,6715
2026-01-02 10:12:53,16.22,403,6537
2026-01-02 10:12:54,16.22,396,6423
2026-01-02 10:12:55,16.22,449,7283
2026-01-02 10:12:56,16.22,474,7688
2026-01-02 10:12:57,16.22,403,6537
2026-01-02 10:12:58,16.22,434,7039
2026-01-02 10:12:59,16.22,437,7088
2026-01-02 10:13:00,16.22,464,7526
2026-01-02 10:13:01,16.22,434,7039
2026-01-02 10:13:02,16.22,436,7072
2026-01-02 10:13:03,16.22,407,6602
2026-01-02 10:13:04,16.22,436,7072
2026-01-02 10:13:05,16.22,411,6666
2026-01-02 10:13:06,16.22,399,6472
2026-01-02 10:13:07,16.22,434,7039
2026-01-02 10:13:08,16.22,440,7137
2026-01-02 10:13:09,16.22,438,7104
2026-01-02 10:13:10,16.22,391,6342
2026-01-02 10:13:11,16.22,454,7364
2026-01-02 10:13:12,16.22,483,7834
2026-01-02 10:13:13,16.22,476,7721
2026-01-02 10:13:14,16.22,435,7056
2026-01-02 10:13:15,16.22,443,7185
2026-01-02 10:13:16,16.22,446,7234
2026-01-02 10:13:17,16.22,413,6699
2026-01-02 10:13:18,16.22,437,7088
2026-01-02 10:13:19,16.22,418,6780
2026-01-02 10:13:20,16.22,454,7364
2026-01-02 10:13:21,16.22,437,7088
2026-01-02 10:13:22,16.22,427,6926
2026-01-02 10:13:23,16.22,470,7623
2026-01-02 10:13:24,16.22,460,7461
2026-01-02 10:13:25,16.22,454,7364
2026-01-02 10:13:26,16.22,415,6731
2026-01-02 10:13:27,16.22,459,7445
2026-01-02 10:13:28,16.22,425,6893
2026-01-02 10:13:29,16.22,423,6861
2026-01-02 10:13:30,16.22,414,6715
2026-01-02 10:13:31,16.22,426,6910
2026-01-02 10:13:32,16.22,450,7299
2026-01-02 10:13:33,16.22,435,7056
2026-01-02 10:13:34,16.22,453,7348
2026-01-02 10:13:35,16.22,446,7234
2026-01-02 10:13:36,16.22,444,7202
2026-01-02 10:13:37,16.22,448,7267
2026-01-02 10:13:38,16.22,391,6342
2026-01-02 10:13:39,16.22,433,7023
2026-01-02 10:13:40,16.22,442,7169
2026-01-02 10:13:41,16.22,429,6958
2026-01-02 10:13:42,16.22,427,6926
2026-01-02 10:13:43,16.22,416,6748
2026-01-02 10:13:44,16.22,409,6634
2026-01-02 10:13:45,16.22,433,7023
2026-01-02 10:13:46,16.22,440,7137
2026-01-02 10:13:47,16.22,420,6812
2026-01-02 10:13:48,16.22,483,7834
2026-01-02 10:13:49,16.22,375,6082
2026-01-02 10:13:50,16.22,441,7153
2026-01-02 10:13:51,16.22,439,7121
2026-01-02 10:13:52,16.22,397,6439
2026-01-02 10:13:53,16.22,422,6845
2026-01-02 10:13:54,16.22,423,6861
2026-01-02 10:13:55,16.22,456,7396
2026-01-02 10:13:56,16.22,453,7348
2026-01-02 10:13:57,16.22,407,6602
2026-01-02 10:13:58,16.22,453,7348
2026-01-02 10:13:59,16.22,409,6634
2026-01-02 10:14:00,16.22,443,7185
2026-01-02 10:14:01,16.22,403,6537
2026-01-02 10:14:02,16.22,437,7088
2026-01-02 10:14:03,16.22,428,6942
2026-01-02 10:14:04,16.22,432,7007
2026-01-02 10:14:05,16.22,411,6666
2026-01-02 10:14:06,16.22,418,6780
2026-01-02 10:14:07,16.22,452,7331
2026-01-02 10:14:08,16.22,407,6602
2026-01-02 10:14:09,16.22,467,7575
2026-01-02 10:14:10,16.22,443,7185
2026-01-02 10:14:11,16.22,397,6439
2026-01-02 10:14:12,16.22,460,7461
2026-01-02 10:14:13,16.22,414,6715
2026-01-02 10:14:14,16.22,437,7088
2026-01-02 10:14:15,16.22,412,6683
2026-01-02 10:14:16,16.22,428,6942
2026-01-02 10:14:17,16.22,415,6731
2026-01-02 10:14:18,16.22,417,6764
2026-01-02 10:14:19,16.22,464,7526
2026-01-02 10:14:20,16.22,446,7234
2026-01-02 10:14:21,16.22,440,7137
2026-01-02 10:14:22,16.22,439,7121
2026-01-02 10:14:23,16.22,432,7007
2026-01-02 10:14:24,16.22,421,6829
2026-01-02 10:14:25,16.22,469,7607
2026-01-02 10:14:26,16.22,436,7072
2026-01-02 10:14:27,16.22,435,7056
2026-01-02 10:14:28,16.22,443,7185
2026-01-02 10:14:29,16.22,416,6748
2026-01-02 10:14:30,16.22,456,7396
2026-01-02 10:14:31,16.22,409,6634
2026-01-02 10:14:32,16.22,442,7169
2026-01-02 10:14:33,16.22,418,6780
2026-01-02 10:14:34,16.22,409,6634
2026-01-02 10:14:35,16.22,428,6942
2026-01-02 10:14:36,16.22,447,7250
2026-01-02 10:14:37,16.22,437,7088
2026-01-02 10:14:38,16.22,401,6504
2026-01-02 10:14:39,16.22,401,6504
2026-01-02 10:14:40,16.22,394,6391
2026-01-02 10:14:41,16.22,399,6472
2026-01-02 10:14:42,16.22,422,6845
2026-01-02 10:14:43,16.22,420,6812
2026-01-02 10:14:44,16.22,426,6910
2026-01-02 10:14:45,16.22,405,6569
2026-01-02 10:14:46,16.22,452,7331
2026-01-02 10:14:47,16.22,417,6764
2026-01-02 10:14:48,16.22,423,6861
2026-01-02 10:14:49,16.22,426,6910
2026-01-02 10:14:50,16.22,455,7380
2026-01-02 10:14:51,16.22,438,7104
2026-01-02 10:14:52,16.22,404,6553
2026-01-02 10:14:53,16.22,428,6942
2026-01-02 10:14:54,16.22,411,6666
2026-01-02 10:14:55,16.22,435,7056
2026-01-02 10:14:56,16.22,445,7218
2026-01-02 10:14:57,16.22,438,7104
2026-01-02 10:14:58,16.22,423,6861
2026-01-02 10:14:59,16.22,436,7072
2026-01-02 10:15:00,16.22,419,6796
2026-01-02 10:15:01,16.22,431,6991
2026-01-02 10:15:02,16.22,443,7185
2026-01-02 10:15:03,16.22,427,6926
2026-01-02 10:15:04,16.22,460,7461
2026-01-02 10:15:05,16.22,414,6715
2026-01-02 10:15:06,16.22,430,6975
2026-01-02 10:15:07,16.22,455,7380
2026-01-02 10:15:08,16.22,445,7218
2026-01-02 10:15:09,16.22,425,6893
2026-01-02 10:15:10,16.22,436,7072
2026-01-02 10:15:11,16.22,424,6877
2026-01-02 10:15:12,16.22,421,6829
2026-01-02 10:15:13,16.22,359,5823
2026-01-02 10:15:14,16.22,406,6585
2026-01-02 10:15:15,16.22,403,6537
2026-01-02 10:15:16,16.22,412,6683
2026-01-02 10:15:17,16.22,412,6683
2026-01-02 10:15:18,16.22,405,6569
2026-01-02 10:15:19,16.22,407,6602
2026-01-02 10:15:20,16.22,405,6569
2026-01-02 10:15:21,16.22,382,6196
2026-01-02 10:15:22,16.22,381,6180
2026-01-02 10:15:23,16.22,395,6407
2026-01-02 10:15:24,16.22,379,6147
2026-01-02 10:15:25,16.22,429,6958
2026-01-02 10:15:26,16.22,449,7283
2026-01-02 10:15:27,16.22,430,6975
2026-01-02 10:15:28,16.22,426,6910
2026-01-02 10:15:29,16.22,413,6699
2026-01-02 10:15:30,16.22,430,6975
2026-01-02 10:15:31,16.22,425,6893
2026-01-02 10:15:32,16.22,456,7396
2026-01-02 10:15:33,16.22,366,5937
2026-01-02 10:15:34,16.22,419,6796
2026-01-02 10:15:35,16.22,386,6261
2026-01-02 10:15:36,16.22,438,7104
2026-01-02 10:15:37,16.22,434,7039
2026-01-02 10:15:38,16.22,439,7121
2026-01-02 10:15:39,16.22,414,6715
2026-01-02 10:15:40,16.22,459,7445
2026-01-02 10:15:41,16.22,429,6958
2026-01-02 10:15:42,16.22,399,6472
2026-01-02 10:15:43,16.22,430,6975
2026-01-02 10:15:44,16.22,420,6812
2026-01-02 10:15:45,16.22,440,7137
2026-01-02 10:15:46,16.22,443,7185
2026-01-02 10:15:47,16.22,435,7056
2026-01-02 10:15:48,16.22,418,6780
2026-01-02 10:15:49,16.22,425,6893
2026-01-02 10:15:50,16.22,439,7121
2026-01-02 10:15:51,16.22,428,6942
2026-01-02 10:15:52,16.22,445,7218
2026-01-02 10:15:53,16.22,426,6910
2026-01-02 10:15:54,16.22,427,6926
2026-01-02 10:15:55,16.22,432,7007
2026-01-02 10:15:56,16.22,460,7461
2026-01-02 10:15:57,16.22,399,6472
2026-01-02 10:15:58,16.22,433,7023
2026-01-02 10:15:59,16.22,441,7153
2026-01-02 10:16:00,16.22,401,6504
2026-01-02 10:16:01,16.22,402,6520
2026-01-02 10:16:02,16.22,419,6796
2026-01-02 10:16:03,16.22,465,7542
2026-01-02 10:16:04,16.22,426,6910
2026-01-02 10:16:05,16.22,395,6407
2026-01-02 10:16:06,16.22,413,6699
2026-01-02 10:16:07,16.22,409,6634
2026-01-02 10:16:08,16.22,422,6845
2026-01-02 10:16:09,16.22,427,6926
2026-01-02 10:16:10,16.22,417,6764
2026-01-02 10:16:11,16.22,457,7413
2026-01-02 10:16:12,16.22,402,6520
2026-01-02 10:16:13,16.22,464,7526
2026-01-02 10:16:14,16.22,425,6893
2026-01-02 10:16:15,16.22,426,6910
2026-01-02 10:16:16,16.22,475,7704
2026-01-02 10:16:17,16.22,438,7104
2026-01-02 10:16:18,16.22,453,7348
2026-01-02 10:16:19,16.22,427,6926
2026-01-02 10:16:20,16.22,415,6731
2026-01-02 10:16:21,16.22,454,7364
2026-01-02 10:16:22,16.22,457,7413
2026-01-02 10:16:23,16.22,407,6602
2026-01-02 10:16:24,16.22,441,7153
2026-01-02 10:16:25,16.22,451,7315
2026-01-02 10:16:26,16.22,381,6180
2026-01-02 10:16:27,16.22,416,6748
2026-01-02 10:16:28,16.22,378,6131
2026-01-02 10:16:29,16.22,433,7023
2026-01-02 10:16:30,16.22,447,7250
2026-01-02 10:16:31,16.22,392,6358
2026-01-02 10:16:32,16.22,415,6731
2026-01-02 10:16:33,16.22,449,7283
2026-01-02 10:16:34,16.22,468,7591
2026-01-02 10:16:35,16.22,400,6488
2026-01-02 10:16:36,16.22,447,7250
2026-01-02 10:16:37,16.22,442,7169
2026-01-02 10:16:38,16.22,440,7137
2026-01-02 10:16:39,16.22,408,6618
2026-01-02 10:16:40,16.22,397,6439
2026-01-02 10:16:41,16.22,436,7072
2026-01-02 10:16:42,16.22,413,6699
2026-01-02 10:16:43,16.22,402,6520
2026-01-02 10:16:44,16.22,428,6942
2026-01-02 10:16:45,16.22,406,6585
2026-01-02 10:16:46,16.22,431,6991
2026-01-02 10:16:47,16.22,437,7088
2026-01-02 10:16:48,16.22,458,7429
2026-01-02 10:16:49,16.22,440,7137
2026-01-02 10:16:50,16.22,420,6812
2026-01-02 10:16:51,16.22,426,6910
2026-01-02 10:16:52,16.22,398,6456
2026-01-02 10:16:53,16.22,428,6942
2026-01-02 10:16:54,16.22,452,7331
2026-01-02 10:16:55,16.22,392,6358
2026-01-02 10:16:56,16.22,419,6796
2026-01-02 10:16:57,16.22,394,6391
2026-01-02 10:16:58,16.22,389,6310
2026-01-02 10:16:59,16.22,411,6666
2026-01-02 10:17:00,16.22,375,6082
2026-01-02 10:17:01,16.22,422,6845
2026-01-02 10:17:02,16.22,401,6504
2026-01-02 10:17:03,16.22,420,6812
2026-01-02 10:17:04,16.22,369,5985
2026-01-02 10:17:05,16.22,413,6699
2026-01-02 10:17:06,16.22,422,6845
2026-01-02 10:17:07,16.22,419,6796
2026-01-02 10:17:08,16.22,397,6439
2026-01-02 10:17:09,16.22,411,6666
2026-01-02 10:17:10,16.22,451,7315
2026-01-02 10:17:11,16.22,405,6569
2026-01-02 10:17:12,16.22,409,6634
2026-01-02 10:17:13,16.22,431,6991
2026-01-02 10:17:14,16.22,386,6261
2026-01-02 10:17:15,16.22,383,6212
2026-01-02 10:17:16,16.22,385,6245
2026-01-02 10:17:17,16.22,422,6845
2026-01-02 10:17:18,16.22,380,6164
