timestamp,price,volume,amount
2026-01-02 09:30:00,95.93,692,66384
2026-01-02 09:30:01,95.39,638,60859
2026-01-02 09:30:02,96.68,620,59942
2026-01-02 09:30:03,102.48,648,66407
2026-01-02 09:30:04,102.48,586,60053
2026-01-02 09:30:05,102.48,681,69789
2026-01-02 09:30:06,102.48,627,64255
2026-01-02 09:30:07,102.48,653,66919
2026-01-02 09:30:08,102.48,687,70404
2026-01-02 09:30:09,102.48,607,62205
2026-01-02 09:30:10,102.48,648,66407
2026-01-02 09:30:11,102.48,649,66510
2026-01-02 09:30:12,102.48,723,74093
2026-01-02 09:30:13,102.48,630,64562
2026-01-02 09:30:14,102.48,678,69481
2026-01-02 09:30:15,102.48,665,68149
2026-01-02 09:30:16,102.48,647,66305
2026-01-02 09:30:17,102.48,587,60156
2026-01-02 09:30:18,102.48,628,64357
2026-01-02 09:30:19,102.48,663,67944
2026-01-02 09:30:20,102.48,644,65997
2026-01-02 09:30:21,102.48,648,66407
2026-01-02 09:30:22,102.48,708,72556
2026-01-02 09:30:23,102.48,632,64767
2026-01-02 09:30:24,102.48,667,68354
2026-01-02 09:30:25,102.48,667,68354
2026-01-02 09:30:26,102.48,641,65690
2026-01-02 09:30:27,102.48,649,66510
2026-01-02 09:30:28,102.48,599,61386
2026-01-02 09:30:29,102.48,649,66510
2026-01-02 09:30:30,101.39,652,66106
2026-01-02 09:30:31,100.02,666,66613
2026-01-02 09:30:32,99.88,700,69916
2026-01-02 09:30:33,99.83,637,63592
2026-01-02 09:30:34,99.28,650,64532
2026-01-02 09:30:35,99.09,629,62328
2026-01-02 09:30:36,100.93,616,62173
2026-01-02 09:30:37,98.04,665,65197
2026-01-02 09:30:38,99.74,696,69419
2026-01-02 09:30:39,100.71,644,64857
2026-01-02 09:30:40,99.04,624,61801
2026-01-02 09:30:41,97.98,627,61433
2026-01-02 09:30:42,95.85,686,65753
2026-01-02 09:30:43,99.86,669,66806
2026-01-02 09:30:44,100.36,631,63327
2026-01-02 09:30:45,99.21,636,63098
2026-01-02 09:30:46,96.58,691,66737
2026-01-02 09:30:47,95.48,675,64449
2026-01-02 09:30:48,93.57,624,58388
2026-01-02 09:30:49,94.52,667,63045
2026-01-02 09:30:50,93.57,607,56797
2026-01-02 09:30:51,95.86,608,58283
2026-01-02 09:30:52,93.71,654,61286
2026-01-02 09:30:53,94.09,618,58148
2026-01-02 09:30:54,96.94,674,65338
2026-01-02 09:30:55,93.57,644,60259
2026-01-02 09:30:56,93.57,620,58013
2026-01-02 09:30:57,93.57,667,62411
2026-01-02 09:30:58,93.57,642,60072
2026-01-02 09:30:59,93.57,671,62785
2026-01-02 09:31:00,93.57,644,60259
2026-01-02 09:31:01,93.57,666,62318
2026-01-02 09:31:02,93.57,679,63534
2026-01-02 09:31:03,93.57,593,55487
2026-01-02 09:31:04,93.57,630,58949
2026-01-02 09:31:05,93.57,690,64563
2026-01-02 09:31:06,93.57,648,60633
2026-01-02 09:31:07,93.57,635,59417
2026-01-02 09:31:08,93.57,645,60353
2026-01-02 09:31:09,93.57,643,60166
2026-01-02 09:31:10,93.57,611,57171
2026-01-02 09:31:11,93.57,677,63347
2026-01-02 09:31:12,93.57,673,62973
2026-01-02 09:31:13,93.57,666,62318
2026-01-02 09:31:14,93.57,679,63534
2026-01-02 09:31:15,93.57,642,60072
2026-01-02 09:31:16,93.57,635,59417
2026-01-02 09:31:17,93.57,649,60727
2026-01-02 09:31:18,93.57,614,57452
2026-01-02 09:31:19,93.57,632,59136
2026-01-02 09:31:20,93.57,699,65405
2026-01-02 09:31:21,93.57,672,62879
2026-01-02 09:31:22,93.57,637,59604
2026-01-02 09:31:23,93.57,630,58949
2026-01-02 09:31:24,93.57,657,61475
2026-01-02 09:31:25,93.57,625,58481
2026-01-02 09:31:26,93.57,626,58575
2026-01-02 09:31:27,93.57,624,58388
2026-01-02 09:31:28,93.57,613,57358
2026-01-02 09:31:29,93.57,617,57733
2026-01-02 09:31:30,93.57,626,58575
2026-01-02 09:31:31,93.57,631,59043
2026-01-02 09:31:32,93.57,637,59604
2026-01-02 09:31:33,93.57,647,60540
2026-01-02 09:31:34,93.57,688,64376
2026-01-02 09:31:35,93.57,647,60540
2026-01-02 09:31:36,93.57,626,58575
2026-01-02 09:31:37,93.57,691,64657
2026-01-02 09:31:38,93.57,672,62879
2026-01-02 09:31:39,93.57,656,61382
2026-01-02 09:31:40,93.57,642,60072
2026-01-02 09:31:41,93.57,642,60072
2026-01-02 09:31:42,93.57,635,59417
2026-01-02 09:31:43,93.57,646,60446
2026-01-02 09:31:44,93.57,642,60072
2026-01-02 09:31:45,93.57,641,59978
2026-01-02 09:31:46,93.57,653,61101
2026-01-02 09:31:47,93.57,658,61569
2026-01-02 09:31:48,93.57,605,56610
2026-01-02 09:31:49,93.57,640,59885
2026-01-02 09:31:50,93.57,679,63534
2026-01-02 09:31:51,93.57,634,59323
2026-01-02 09:31:52,93.57,653,61101
2026-01-02 09:31:53,93.57,602,56329
2026-01-02 09:31:54,93.57,636,59511
2026-01-02 09:31:55,93.57,656,61382
2026-01-02 09:31:56,93.57,609,56984
2026-01-02 09:31:57,93.57,633,59230
2026-01-02 09:31:58,93.57,627,58668
2026-01-02 09:31:59,93.57,629,58856
2026-01-02 09:32:00,93.57,661,61850
2026-01-02 09:32:01,93.57,622,58201
2026-01-02 09:32:02,93.57,675,63160
2026-01-02 09:32:03,93.57,645,60353
2026-01-02 09:32:04,93.57,602,56329
2026-01-02 09:32:05,93.57,609,56984
2026-01-02 09:32:06,93.57,636,59511
2026-01-02 09:32:07,93.57,632,59136
2026-01-02 09:32:08,93.57,667,62411
2026-01-02 09:32:09,93.57,663,62037
2026-01-02 09:32:10,93.57,671,62785
2026-01-02 09:32:11,93.57,611,57171
2026-01-02 09:32:12,93.57,677,63347
2026-01-02 09:32:13,93.57,622,58201
2026-01-02 09:32:14,93.57,643,60166
2026-01-02 09:32:15,93.57,637,59604
2026-01-02 09:32:16,93.57,682,63815
2026-01-02 09:32:17,93.57,590,55206
2026-01-02 09:32:18,93.57,636,59511
2026-01-02 09:32:19,93.57,649,60727
2026-01-02 09:32:20,93.57,642,60072
2026-01-02 09:32:21,93.57,607,56797
2026-01-02 09:32:22,93.57,650,60820
2026-01-02 09:32:23,93.57,653,61101
2026-01-02 09:32:24,93.57,638,59698
2026-01-02 09:32:25,93.57,645,60353
2026-01-02 09:32:26,93.57,628,58762
2026-01-02 09:32:27,93.57,598,55955
2026-01-02 09:32:28,93.57,580,54271
2026-01-02 09:32:29,93.57,647,60540
2026-01-02 09:32:30,93.57,648,60633
2026-01-02 09:32:31,93.57,652,61008
2026-01-02 09:32:32,93.57,619,57920
2026-01-02 09:32:33,93.57,568,53148
2026-01-02 09:32:34,93.57,636,59511
2026-01-02 09:32:35,93.57,631,59043
2026-01-02 09:32:36,93.57,620,58013
2026-01-02 09:32:37,93.57,673,62973
2026-01-02 09:32:38,93.57,591,55300
2026-01-02 09:32:39,93.57,607,56797
2026-01-02 09:32:40,93.57,607,56797
2026-01-02 09:32:41,93.57,622,58201
2026-01-02 09:32:42,93.57,659,61663
2026-01-02 09:32:43,93.57,636,59511
2026-01-02 09:32:44,93.57,632,59136
2026-01-02 09:32:45,93.57,638,59698
2026-01-02 09:32:46,93.57,633,59230
2026-01-02 09:32:47,93.57,627,58668
2026-01-02 09:32:48,93.57,609,56984
2026-01-02 09:32:49,93.57,624,58388
2026-01-02 09:32:50,93.57,664,62130
2026-01-02 09:32:51,93.57,611,57171
2026-01-02 09:32:52,93.57,640,59885
2026-01-02 09:32:53,93.57,650,60820
2026-01-02 09:32:54,93.57,627,58668
2026-01-02 09:32:55,93.57,628,58762
2026-01-02 09:32:56,93.57,611,57171
2026-01-02 09:32:57,93.57,581,54364
2026-01-02 09:32:58,93.57,618,57826
2026-01-02 09:32:59,93.57,659,61663
2026-01-02 09:33:00,93.57,661,61850
2026-01-02 09:33:01,93.57,596,55768
2026-01-02 09:33:02,93.57,649,60727
2026-01-02 09:33:03,93.57,630,58949
2026-01-02 09:33:04,93.57,626,58575
2026-01-02 09:33:05,93.57,591,55300
2026-01-02 09:33:06,93.57,618,57826
2026-01-02 09:33:07,93.57,617,57733
2026-01-02 09:33:08,93.57,608,56891
2026-01-02 09:33:09,93.57,663,62037
2026-01-02 09:33:10,93.57,613,57358
2026-01-02 09:33:11,93.57,601,56236
2026-01-02 09:33:12,93.57,613,57358
2026-01-02 09:33:13,93.70,609,57063
2026-01-02 09:33:14,96.51,644,62152
2026-01-02 09:33:15,101.58,682,69278
2026-01-02 09:33:16,102.48,643,65895
2026-01-02 09:33:17,102.48,647,66305
2026-01-02 09:33:18,102.48,600,61488
2026-01-02 09:33:19,102.48,630,64562
2026-01-02 09:33:20,102.44,686,70274
2026-01-02 09:33:21,102.48,613,62820
2026-01-02 09:33:22,102.48,632,64767
2026-01-02 09:33:23,102.48,642,65792
2026-01-02 09:33:24,102.48,684,70096
2026-01-02 09:33:25,100.99,641,64735
2026-01-02 09:33:26,102.48,601,61590
2026-01-02 09:33:27,102.48,664,68047
2026-01-02 09:33:28,102.48,556,56979
2026-01-02 09:33:29,102.48,639,65485
2026-01-02 09:33:30,102.48,674,69072
2026-01-02 09:33:31,102.48,618,63333
2026-01-02 09:33:32,102.48,604,61898
2026-01-02 09:33:33,102.48,609,62410
2026-01-02 09:33:34,102.48,635,65075
2026-01-02 09:33:35,102.48,663,67944
2026-01-02 09:33:36,102.48,607,62205
2026-01-02 09:33:37,102.48,606,62103
2026-01-02 09:33:38,102.48,591,60566
2026-01-02 09:33:39,102.48,671,68764
2026-01-02 09:33:40,102.48,611,62615
2026-01-02 09:33:41,102.48,638,65382
2026-01-02 09:33:42,102.48,595,60976
2026-01-02 09:33:43,102.48,650,66612
2026-01-02 09:33:44,102.48,631,64665
2026-01-02 09:33:45,102.48,612,62718
2026-01-02 09:33:46,102.48,637,65280
2026-01-02 09:33:47,102.48,600,61488
2026-01-02 09:33:48,102.48,656,67227
2026-01-02 09:33:49,102.48,607,62205
2026-01-02 09:33:50,102.48,636,65177
2026-01-02 09:33:51,102.48,620,63538
2026-01-02 09:33:52,102.48,648,66407
2026-01-02 09:33:53,102.48,645,66100
2026-01-02 09:33:54,100.23,670,67154
2026-01-02 09:33:55,101.59,604,61360
2026-01-02 09:33:56,98.76,656,64787
2026-01-02 09:33:57,100.02,566,56611
2026-01-02 09:33:58,101.77,586,59637
2026-01-02 09:33:59,100.38,617,61934
2026-01-02 09:34:00,100.53,675,67858
2026-01-02 09:34:01,101.70,620,63054
2026-01-02 09:34:02,99.12,616,61058
2026-01-02 09:34:03,101.43,606,61467
2026-01-02 09:34:04,101.51,625,63444
2026-01-02 09:34:05,101.83,635,64662
2026-01-02 09:34:06,102.48,647,66305
2026-01-02 09:34:07,102.48,663,67944
2026-01-02 09:34:08,102.48,621,63640
2026-01-02 09:34:09,102.48,657,67329
2026-01-02 09:34:10,99.90,649,64835
2026-01-02 09:34:11,98.44,621,61131
2026-01-02 09:34:12,93.62,696,65160
2026-01-02 09:34:13,93.82,657,61640
2026-01-02 09:34:14,96.22,612,58887
2026-01-02 09:34:15,94.20,637,60005
2026-01-02 09:34:16,97.65,664,64840
2026-01-02 09:34:17,98.56,620,61107
2026-01-02 09:34:18,97.75,621,60703
2026-01-02 09:34:19,97.04,646,62688
2026-01-02 09:34:20,95.63,609,58239
2026-01-02 09:34:21,98.99,654,64739
2026-01-02 09:34:22,100.15,608,60891
2026-01-02 09:34:23,100.14,632,63288
2026-01-02 09:34:24,99.21,599,59427
2026-01-02 09:34:25,98.52,640,63053
2026-01-02 09:34:26,98.97,583,57700
2026-01-02 09:34:27,98.55,620,61101
2026-01-02 09:34:28,98.27,602,59159
2026-01-02 09:34:29,95.88,581,55706
2026-01-02 09:34:30,97.05,597,57939
2026-01-02 09:34:31,93.57,637,59604
2026-01-02 09:34:32,93.57,671,62785
2026-01-02 09:34:33,93.57,605,56610
2026-01-02 09:34:34,93.95,642,60316
2026-01-02 09:34:35,93.57,592,55393
2026-01-02 09:34:36,94.15,580,54607
2026-01-02 09:34:37,93.57,652,61008
2026-01-02 09:34:38,95.07,593,56377
2026-01-02 09:34:39,93.61,624,58413
2026-01-02 09:34:40,94.99,548,52055
2026-01-02 09:34:41,96.09,595,57174
2026-01-02 09:34:42,98.21,624,61283
2026-01-02 09:34:43,99.43,669,66519
2026-01-02 09:34:44,100.64,637,64108
2026-01-02 09:34:45,97.89,594,58147
2026-01-02 09:34:46,95.66,626,59883
2026-01-02 09:34:47,94.51,611,57746
2026-01-02 09:34:48,93.57,657,61475
2026-01-02 09:34:49,93.57,588,55019
2026-01-02 09:34:50,93.57,584,54645
2026-01-02 09:34:51,93.57,614,57452
2026-01-02 09:34:52,93.89,588,55207
2026-01-02 09:34:53,93.57,607,56797
2026-01-02 09:34:54,93.57,616,57639
2026-01-02 09:34:55,93.57,601,56236
2026-01-02 09:34:56,93.57,615,57546
2026-01-02 09:34:57,93.57,606,56703
2026-01-02 09:34:58,93.90,645,60566
2026-01-02 09:34:59,93.65,641,60030
2026-01-02 09:35:00,95.15,610,58042
2026-01-02 09:35:01,94.81,606,57455
2026-01-02 09:35:02,93.57,637,59604
2026-01-02 09:35:03,93.57,581,54364
2026-01-02 09:35:04,95.24,627,59715
2026-01-02 09:35:05,93.57,608,56891
2026-01-02 09:35:06,93.57,610,57078
2026-01-02 09:35:07,93.57,651,60914
2026-01-02 09:35:08,98.01,635,62236
2026-01-02 09:35:09,98.64,614,60565
2026-01-02 09:35:10,96.73,676,65389
2026-01-02 09:35:11,95.35,615,58640
2026-01-02 09:35:12,95.74,591,56582
2026-01-02 09:35:13,100.37,562,56408
2026-01-02 09:35:14,97.89,607,59419
2026-01-02 09:35:15,95.27,587,55923
2026-01-02 09:35:16,96.80,576,55757
2026-01-02 09:35:17,98.80,608,60070
2026-01-02 09:35:18,93.57,683,63908
2026-01-02 09:35:19,93.57,651,60914
2026-01-02 09:35:20,93.57,608,56891
2026-01-02 09:35:21,93.57,609,56984
2026-01-02 09:35:22,93.81,627,58819
2026-01-02 09:35:23,96.15,628,60382
2026-01-02 09:35:24,93.57,655,61288
2026-01-02 09:35:25,93.57,592,55393
2026-01-02 09:35:26,93.57,624,58388
2026-01-02 09:35:27,93.57,637,59604
2026-01-02 09:35:28,93.57,575,53803
2026-01-02 09:35:29,93.57,642,60072
2026-01-02 09:35:30,93.57,604,56516
2026-01-02 09:35:31,93.57,616,57639
2026-01-02 09:35:32,93.57,589,55113
2026-01-02 09:35:33,93.57,616,57639
2026-01-02 09:35:34,93.57,598,55955
2026-01-02 09:35:35,93.57,600,56142
2026-01-02 09:35:36,93.57,637,59604
2026-01-02 09:35:37,93.57,638,59698
2026-01-02 09:35:38,93.57,620,58013
2026-01-02 09:35:39,93.57,626,58575
2026-01-02 09:35:40,93.57,599,56048
2026-01-02 09:35:41,93.57,600,56142
2026-01-02 09:35:42,93.57,589,55113
2026-01-02 09:35:43,93.57,569,53241
2026-01-02 09:35:44,93.57,650,60820
2026-01-02 09:35:45,93.57,594,55581
2026-01-02 09:35:46,93.57,594,55581
2026-01-02 09:35:47,93.57,616,57639
2026-01-02 09:35:48,93.57,616,57639
2026-01-02 09:35:49,93.57,619,57920
2026-01-02 09:35:50,93.57,607,56797
2026-01-02 09:35:51,93.57,606,56703
2026-01-02 09:35:52,93.57,644,60259
2026-01-02 09:35:53,93.57,613,57358
2026-01-02 09:35:54,93.57,605,56610
2026-01-02 09:35:55,93.57,595,55674
2026-01-02 09:35:56,93.57,638,59698
2026-01-02 09:35:57,93.57,595,55674
2026-01-02 09:35:58,93.57,615,57546
2026-01-02 09:35:59,93.57,633,59230
2026-01-02 09:36:00,93.57,585,54738
2026-01-02 09:36:01,93.57,590,55206
2026-01-02 09:36:02,93.57,611,57171
2026-01-02 09:36:03,93.57,562,52586
2026-01-02 09:36:04,93.57,598,55955
2026-01-02 09:36:05,93.57,595,55674
2026-01-02 09:36:06,93.57,554,51838
2026-01-02 09:36:07,93.57,581,54364
2026-01-02 09:36:08,93.57,642,60072
2026-01-02 09:36:09,93.57,588,55019
2026-01-02 09:36:10,93.57,594,55581
2026-01-02 09:36:11,93.57,633,59230
2026-01-02 09:36:12,93.57,632,59136
2026-01-02 09:36:13,93.57,554,51838
2026-01-02 09:36:14,93.57,637,59604
2026-01-02 09:36:15,93.57,627,58668
2026-01-02 09:36:16,93.57,605,56610
2026-01-02 09:36:17,93.57,611,57171
2026-01-02 09:36:18,93.57,590,55206
2026-01-02 09:36:19,93.57,602,56329
2026-01-02 09:36:20,93.57,573,53616
2026-01-02 09:36:21,93.57,610,57078
2026-01-02 09:36:22,93.57,578,54083
2026-01-02 09:36:23,93.57,596,55768
2026-01-02 09:36:24,93.57,635,59417
2026-01-02 09:36:25,93.57,604,56516
2026-01-02 09:36:26,93.57,611,57171
2026-01-02 09:36:27,93.57,627,58668
2026-01-02 09:36:28,93.57,610,57078
2026-01-02 09:36:29,93.57,595,55674
2026-01-02 09:36:30,93.57,575,53803
2026-01-02 09:36:31,93.57,613,57358
2026-01-02 09:36:32,93.57,571,53428
2026-01-02 09:36:33,93.57,618,57826
2026-01-02 09:36:34,93.57,595,55674
2026-01-02 09:36:35,93.57,583,54551
2026-01-02 09:36:36,93.57,586,54832
2026-01-02 09:36:37,93.57,613,57358
2026-01-02 09:36:38,93.57,593,55487
2026-01-02 09:36:39,93.57,612,57265
2026-01-02 09:36:40,93.57,578,54083
2026-01-02 09:36:41,93.57,602,56329
2026-01-02 09:36:42,93.57,595,55674
2026-01-02 09:36:43,93.57,624,58388
2026-01-02 09:36:44,93.57,608,56891
2026-01-02 09:36:45,93.57,619,57920
2026-01-02 09:36:46,93.57,598,55955
2026-01-02 09:36:47,93.57,602,56329
2026-01-02 09:36:48,93.57,570,53335
2026-01-02 09:36:49,93.57,596,55768
2026-01-02 09:36:50,93.57,596,55768
2026-01-02 09:36:51,93.57,636,59511
2026-01-02 09:36:52,93.57,644,60259
2026-01-02 09:36:53,93.57,554,51838
2026-01-02 09:36:54,93.57,614,57452
2026-01-02 09:36:55,93.57,620,58013
2026-01-02 09:36:56,93.57,577,53990
2026-01-02 09:36:57,93.57,616,57639
2026-01-02 09:36:58,93.57,590,55206
2026-01-02 09:36:59,93.57,589,55113
2026-01-02 09:37:00,93.57,576,53896
2026-01-02 09:37:01,93.57,603,56423
2026-01-02 09:37:02,93.57,594,55581
2026-01-02 09:37:03,93.57,572,53522
2026-01-02 09:37:04,93.57,612,57265
2026-01-02 09:37:05,93.57,642,60072
2026-01-02 09:37:06,93.57,568,53148
2026-01-02 09:37:07,93.57,623,58294
2026-01-02 09:37:08,93.57,592,55393
2026-01-02 09:37:09,93.57,592,55393
2026-01-02 09:37:10,93.57,577,53990
2026-01-02 09:37:11,93.57,598,55955
2026-01-02 09:37:12,93.57,594,55581
2026-01-02 09:37:13,93.57,606,56703
2026-01-02 09:37:14,93.57,617,57733
2026-01-02 09:37:15,93.57,619,57920
2026-01-02 09:37:16,93.57,567,53054
2026-01-02 09:37:17,93.57,631,59043
2026-01-02 09:37:18,93.57,605,56610
2026-01-02 09:37:19,93.57,615,57546
2026-01-02 09:37:20,93.57,610,57078
2026-01-02 09:37:21,93.57,569,53241
2026-01-02 09:37:22,93.57,625,58481
2026-01-02 09:37:23,93.57,574,53709
2026-01-02 09:37:24,93.57,627,58668
2026-01-02 09:37:25,93.57,592,55393
2026-01-02 09:37:26,93.57,613,57358
2026-01-02 09:37:27,93.57,623,58294
2026-01-02 09:37:28,93.57,624,58388
2026-01-02 09:37:29,93.57,613,57358
2026-01-02 09:37:30,93.57,634,59323
2026-01-02 09:37:31,93.57,593,55487
2026-01-02 09:37:32,93.57,620,58013
2026-01-02 09:37:33,93.57,588,55019
2026-01-02 09:37:34,93.57,604,56516
2026-01-02 09:37:35,93.57,593,55487
2026-01-02 09:37:36,93.57,557,52118
2026-01-02 09:37:37,93.57,618,57826
2026-01-02 09:37:38,93.57,601,56236
2026-01-02 09:37:39,93.57,619,57920
2026-01-02 09:37:40,93.57,599,56048
2026-01-02 09:37:41,93.57,603,56423
2026-01-02 09:37:42,93.57,623,58294
2026-01-02 09:37:43,93.57,643,60166
2026-01-02 09:37:44,93.57,593,55487
2026-01-02 09:37:45,93.57,616,57639
2026-01-02 09:37:46,93.57,620,58013
2026-01-02 09:37:47,93.57,606,56703
2026-01-02 09:37:48,93.57,585,54738
2026-01-02 09:37:49,93.57,618,57826
2026-01-02 09:37:50,93.57,618,57826
2026-01-02 09:37:51,93.57,600,56142
2026-01-02 09:37:52,93.57,611,57171
2026-01-02 09:37:53,93.57,603,56423
2026-01-02 09:37:54,93.57,640,59885
2026-01-02 09:37:55,93.57,597,55861
2026-01-02 09:37:56,93.57,577,53990
2026-01-02 09:37:57,93.57,555,51931
2026-01-02 09:37:58,93.57,599,56048
2026-01-02 09:37:59,93.57,613,57358
2026-01-02 09:38:00,93.57,605,56610
2026-01-02 09:38:01,93.57,603,56423
2026-01-02 09:38:02,93.57,577,53990
2026-01-02 09:38:03,93.57,556,52025
2026-01-02 09:38:04,93.57,596,55768
2026-01-02 09:38:05,93.57,601,56236
2026-01-02 09:38:06,93.57,601,56236
2026-01-02 09:38:07,93.57,570,53335
2026-01-02 09:38:08,93.57,614,57452
2026-01-02 09:38:09,93.57,613,57358
2026-01-02 09:38:10,93.57,609,56984
2026-01-02 09:38:11,93.57,615,57546
2026-01-02 09:38:12,93.57,652,61008
2026-01-02 09:38:13,93.57,602,56329
2026-01-02 09:38:14,93.57,590,55206
2026-01-02 09:38:15,93.57,583,54551
2026-01-02 09:38:16,93.57,641,59978
2026-01-02 09:38:17,93.57,601,56236
2026-01-02 09:38:18,93.57,596,55768
2026-01-02 09:38:19,93.57,625,58481
2026-01-02 09:38:20,93.57,535,50060
2026-01-02 09:38:21,93.57,594,55581
2026-01-02 09:38:22,93.57,632,59136
2026-01-02 09:38:23,93.57,576,53896
2026-01-02 09:38:24,93.57,592,55393
2026-01-02 09:38:25,93.57,583,54551
2026-01-02 09:38:26,93.57,602,56329
2026-01-02 09:38:27,93.57,608,56891
2026-01-02 09:38:28,93.57,562,52586
2026-01-02 09:38:29,93.57,584,54645
2026-01-02 09:38:30,93.57,558,52212
2026-01-02 09:38:31,93.57,545,50996
2026-01-02 09:38:32,93.57,586,54832
2026-01-02 09:38:33,93.57,584,54645
2026-01-02 09:38:34,93.57,547,51183
2026-01-02 09:38:35,93.57,577,53990
2026-01-02 09:38:36,93.57,538,50341
2026-01-02 09:38:37,93.57,584,54645
2026-01-02 09:38:38,93.57,623,58294
2026-01-02 09:38:39,93.57,582,54458
2026-01-02 09:38:40,93.57,613,57358
2026-01-02 09:38:41,93.57,594,55581
2026-01-02 09:38:42,93.57,616,57639
2026-01-02 09:38:43,93.57,609,56984
2026-01-02 09:38:44,93.57,583,54551
2026-01-02 09:38:45,93.57,599,56048
2026-01-02 09:38:46,93.57,577,53990
2026-01-02 09:38:47,93.57,610,57078
2026-01-02 09:38:48,93.57,625,58481
2026-01-02 09:38:49,93.57,592,55393
2026-01-02 09:38:50,93.57,572,53522
2026-01-02 09:38:51,93.57,601,56236
2026-01-02 09:38:52,93.57,556,52025
2026-01-02 09:38:53,93.57,569,53241
2026-01-02 09:38:54,93.57,588,55019
2026-01-02 09:38:55,93.57,589,55113
2026-01-02 09:38:56,93.57,557,52118
2026-01-02 09:38:57,93.57,610,57078
2026-01-02 09:38:58,93.57,589,55113
2026-01-02 09:38:59,93.57,576,53896
2026-01-02 09:39:00,93.57,603,56423
2026-01-02 09:39:01,93.57,584,54645
2026-01-02 09:39:02,93.57,584,54645
2026-01-02 09:39:03,93.57,565,52867
2026-01-02 09:39:04,93.57,599,56048
2026-01-02 09:39:05,93.57,613,57358
2026-01-02 09:39:06,93.57,610,57078
2026-01-02 09:39:07,93.57,604,56516
2026-01-02 09:39:08,93.57,564,52773
2026-01-02 09:39:09,93.57,583,54551
2026-01-02 09:39:10,93.57,603,56423
2026-01-02 09:39:11,93.57,596,55768
2026-01-02 09:39:12,93.57,624,58388
2026-01-02 09:39:13,93.57,555,51931
2026-01-02 09:39:14,93.57,574,53709
2026-01-02 09:39:15,93.57,567,53054
2026-01-02 09:39:16,93.57,532,49779
2026-01-02 09:39:17,93.57,606,56703
2026-01-02 09:39:18,93.57,582,54458
2026-01-02 09:39:19,93.57,597,55861
2026-01-02 09:39:20,93.57,597,55861
2026-01-02 09:39:21,93.57,576,53896
2026-01-02 09:39:22,93.57,625,58481
2026-01-02 09:39:23,93.57,626,58575
2026-01-02 09:39:24,93.57,564,52773
2026-01-02 09:39:25,93.57,602,56329
2026-01-02 09:39:26,93.57,599,56048
2026-01-02 09:39:27,93.57,554,51838
2026-01-02 09:39:28,93.57,586,54832
2026-01-02 09:39:29,93.57,563,52680
2026-01-02 09:39:30,93.57,564,52773
2026-01-02 09:39:31,93.57,594,55581
2026-01-02 09:39:32,93.57,561,52493
2026-01-02 09:39:33,93.57,598,55955
2026-01-02 09:39:34,93.57,576,53896
2026-01-02 09:39:35,93.57,601,56236
2026-01-02 09:39:36,93.57,583,54551
2026-01-02 09:39:37,93.57,555,51931
2026-01-02 09:39:38,93.57,559,52306
2026-01-02 09:39:39,93.57,595,55674
2026-01-02 09:39:40,93.57,579,54177
2026-01-02 09:39:41,93.57,582,54458
2026-01-02 09:39:42,93.57,558,52212
2026-01-02 09:39:43,93.57,546,51089
2026-01-02 09:39:44,93.57,628,58762
2026-01-02 09:39:45,93.57,598,55955
2026-01-02 09:39:46,93.57,615,57546
2026-01-02 09:39:47,93.57,547,51183
2026-01-02 09:39:48,93.57,611,57171
2026-01-02 09:39:49,93.57,553,51744
2026-01-02 09:39:50,93.57,543,50809
2026-01-02 09:39:51,93.57,615,57546
2026-01-02 09:39:52,93.57,543,50809
2026-01-02 09:39:53,93.57,576,53896
2026-01-02 09:39:54,93.57,583,54551
2026-01-02 09:39:55,93.57,576,53896
2026-01-02 09:39:56,93.57,628,58762
2026-01-02 09:39:57,93.57,575,53803
2026-01-02 09:39:58,93.57,569,53241
2026-01-02 09:39:59,93.57,549,51370
2026-01-02 09:40:00,93.57,545,50996
2026-01-02 09:40:01,93.57,586,54832
2026-01-02 09:40:02,93.57,655,61288
2026-01-02 09:40:03,93.57,583,54551
2026-01-02 09:40:04,93.57,569,53241
2026-01-02 09:40:05,93.57,564,52773
2026-01-02 09:40:06,93.57,568,53148
2026-01-02 09:40:07,93.57,619,57920
2026-01-02 09:40:08,93.57,560,52399
2026-01-02 09:40:09,93.57,570,53335
2026-01-02 09:40:10,93.57,561,52493
2026-01-02 09:40:11,93.57,576,53896
2026-01-02 09:40:12,93.57,605,56610
2026-01-02 09:40:13,93.57,556,52025
2026-01-02 09:40:14,93.57,578,54083
2026-01-02 09:40:15,93.57,554,51838
2026-01-02 09:40:16,93.57,593,55487
2026-01-02 09:40:17,93.57,547,51183
2026-01-02 09:40:18,93.57,593,55487
2026-01-02 09:40:19,93.57,596,55768
2026-01-02 09:40:20,93.57,551,51557
2026-01-02 09:40:21,93.57,590,55206
2026-01-02 09:40:22,93.57,578,54083
2026-01-02 09:40:23,93.57,616,57639
2026-01-02 09:40:24,93.57,594,55581
2026-01-02 09:40:25,93.57,566,52961
2026-01-02 09:40:26,93.57,601,56236
2026-01-02 09:40:27,93.57,602,56329
2026-01-02 09:40:28,93.57,581,54364
2026-01-02 09:40:29,93.57,571,53428
2026-01-02 09:40:30,93.57,577,53990
2026-01-02 09:40:31,93.57,602,56329
2026-01-02 09:40:32,93.57,581,54364
2026-01-02 09:40:33,93.57,582,54458
2026-01-02 09:40:34,93.57,637,59604
2026-01-02 09:40:35,93.57,560,52399
2026-01-02 09:40:36,93.57,591,55300
2026-01-02 09:40:37,93.57,577,53990
2026-01-02 09:40:38,93.57,617,57733
2026-01-02 09:40:39,93.57,585,54738
2026-01-02 09:40:40,93.57,569,53241
2026-01-02 09:40:41,93.57,590,55206
2026-01-02 09:40:42,93.57,571,53428
2026-01-02 09:40:43,93.57,570,53335
2026-01-02 09:40:44,93.57,624,58388
2026-01-02 09:40:45,93.57,610,57078
2026-01-02 09:40:46,93.57,591,55300
2026-01-02 09:40:47,93.57,588,55019
2026-01-02 09:40:48,93.57,590,55206
2026-01-02 09:40:49,93.57,608,56891
2026-01-02 09:40:50,93.57,560,52399
2026-01-02 09:40:51,93.57,585,54738
2026-01-02 09:40:52,93.57,559,52306
2026-01-02 09:40:53,93.57,585,54738
2026-01-02 09:40:54,93.57,546,51089
2026-01-02 09:40:55,93.79,556,52147
2026-01-02 09:40:56,95.08,598,56858
2026-01-02 09:40:57,93.57,613,57358
2026-01-02 09:40:58,93.57,543,50809
2026-01-02 09:40:59,94.71,563,53322
2026-01-02 09:41:00,93.57,526,49218
2026-01-02 09:41:01,95.39,548,52274
2026-01-02 09:41:02,93.57,601,56236
2026-01-02 09:41:03,93.57,594,55581
2026-01-02 09:41:04,93.57,546,51089
2026-01-02 09:41:05,93.57,574,53709
2026-01-02 09:41:06,93.57,607,56797
2026-01-02 09:41:07,93.57,610,57078
2026-01-02 09:41:08,93.57,590,55206
2026-01-02 09:41:09,93.57,601,56236
2026-01-02 09:41:10,93.57,600,56142
2026-01-02 09:41:11,93.57,565,52867
2026-01-02 09:41:12,93.57,610,57078
2026-01-02 09:41:13,93.57,581,54364
2026-01-02 09:41:14,93.57,554,51838
2026-01-02 09:41:15,93.57,580,54271
2026-01-02 09:41:16,93.57,591,55300
2026-01-02 09:41:17,93.57,524,49031
2026-01-02 09:41:18,93.57,587,54926
2026-01-02 09:41:19,93.57,597,55861
2026-01-02 09:41:20,93.57,555,51931
2026-01-02 09:41:21,93.57,617,57733
2026-01-02 09:41:22,93.57,641,59978
2026-01-02 09:41:23,93.57,546,51089
2026-01-02 09:41:24,93.57,603,56423
2026-01-02 09:41:25,93.57,544,50902
2026-01-02 09:41:26,93.57,569,53241
2026-01-02 09:41:27,93.57,582,54458
2026-01-02 09:41:28,93.57,590,55206
2026-01-02 09:41:29,93.57,571,53428
2026-01-02 09:41:30,93.57,554,51838
2026-01-02 09:41:31,93.57,595,55674
2026-01-02 09:41:32,93.57,551,51557
2026-01-02 09:41:33,93.57,557,52118
2026-01-02 09:41:34,93.57,539,50434
2026-01-02 09:41:35,93.57,574,53709
2026-01-02 09:41:36,93.57,584,54645
2026-01-02 09:41:37,93.57,584,54645
2026-01-02 09:41:38,93.57,532,49779
2026-01-02 09:41:39,93.57,561,52493
2026-01-02 09:41:40,93.57,553,51744
2026-01-02 09:41:41,93.57,605,56610
2026-01-02 09:41:42,93.57,567,53054
2026-01-02 09:41:43,93.57,576,53896
2026-01-02 09:41:44,93.57,575,53803
2026-01-02 09:41:45,93.57,592,55393
2026-01-02 09:41:46,93.57,563,52680
2026-01-02 09:41:47,93.57,524,49031
2026-01-02 09:41:48,93.57,575,53803
2026-01-02 09:41:49,93.57,573,53616
2026-01-02 09:41:50,93.57,561,52493
2026-01-02 09:41:51,93.57,558,52212
2026-01-02 09:41:52,93.57,554,51838
2026-01-02 09:41:53,93.57,566,52961
2026-01-02 09:41:54,93.57,580,54271
2026-01-02 09:41:55,93.57,584,54645
2026-01-02 09:41:56,93.57,575,53803
2026-01-02 09:41:57,93.57,616,57639
2026-01-02 09:41:58,93.57,551,51557
2026-01-02 09:41:59,93.57,571,53428
2026-01-02 09:42:00,93.57,552,51651
2026-01-02 09:42:01,93.57,571,53428
2026-01-02 09:42:02,93.57,557,52118
2026-01-02 09:42:03,93.57,576,53896
2026-01-02 09:42:04,93.57,577,53990
2026-01-02 09:42:05,93.57,536,50154
2026-01-02 09:42:06,93.57,565,52867
2026-01-02 09:42:07,93.57,560,52399
2026-01-02 09:42:08,93.57,588,55019
2026-01-02 09:42:09,93.57,578,54083
2026-01-02 09:42:10,93.57,580,54271
2026-01-02 09:42:11,93.57,551,51557
2026-01-02 09:42:12,93.57,560,52399
2026-01-02 09:42:13,93.57,551,51557
2026-01-02 09:42:14,93.57,587,54926
2026-01-02 09:42:15,93.57,579,54177
2026-01-02 09:42:16,93.57,626,58575
2026-01-02 09:42:17,93.57,588,55019
2026-01-02 09:42:18,93.57,581,54364
2026-01-02 09:42:19,93.57,529,49499
2026-01-02 09:42:20,93.57,529,49499
2026-01-02 09:42:21,93.57,585,54738
2026-01-02 09:42:22,93.57,564,52773
2026-01-02 09:42:23,93.57,609,56984
2026-01-02 09:42:24,93.57,543,50809
2026-01-02 09:42:25,93.57,555,51931
2026-01-02 09:42:26,93.57,552,51651
2026-01-02 09:42:27,93.57,588,55019
2026-01-02 09:42:28,93.57,598,55955
2026-01-02 09:42:29,96.30,576,55469
2026-01-02 09:42:30,96.85,608,58885
2026-01-02 09:42:31,96.52,560,54051
2026-01-02 09:42:32,97.17,570,55387
2026-01-02 09:42:33,94.39,543,51254
2026-01-02 09:42:34,94.26,573,54011
2026-01-02 09:42:35,93.57,539,50434
2026-01-02 09:42:36,95.28,535,50975
2026-01-02 09:42:37,95.58,564,53907
2026-01-02 09:42:38,98.72,613,60515
2026-01-02 09:42:39,100.56,582,58526
2026-01-02 09:42:40,102.48,602,61693
2026-01-02 09:42:41,102.48,554,56774
2026-01-02 09:42:42,100.76,599,60355
2026-01-02 09:42:43,100.53,549,55191
2026-01-02 09:42:44,102.48,561,57491
2026-01-02 09:42:45,102.48,549,56262
2026-01-02 09:42:46,102.48,591,60566
2026-01-02 09:42:47,102.48,590,60463
2026-01-02 09:42:48,102.10,546,55747
2026-01-02 09:42:49,102.48,548,56159
2026-01-02 09:42:50,102.48,585,59951
2026-01-02 09:42:51,102.48,602,61693
2026-01-02 09:42:52,102.48,595,60976
2026-01-02 09:42:53,102.48,581,59541
2026-01-02 09:42:54,102.48,604,61898
2026-01-02 09:42:55,102.48,571,58516
2026-01-02 09:42:56,102.48,527,54007
2026-01-02 09:42:57,102.48,575,58926
2026-01-02 09:42:58,102.48,571,58516
2026-01-02 09:42:59,102.48,581,59541
2026-01-02 09:43:00,102.48,557,57081
2026-01-02 09:43:01,102.48,546,55954
2026-01-02 09:43:02,102.48,543,55647
2026-01-02 09:43:03,102.48,586,60053
2026-01-02 09:43:04,102.48,557,57081
2026-01-02 09:43:05,102.48,618,63333
2026-01-02 09:43:06,102.48,623,63845
2026-01-02 09:43:07,102.48,597,61181
2026-01-02 09:43:08,102.48,553,56671
2026-01-02 09:43:09,102.48,538,55134
2026-01-02 09:43:10,102.48,590,60463
2026-01-02 09:43:11,102.48,567,58106
2026-01-02 09:43:12,102.48,558,57184
2026-01-02 09:43:13,102.48,602,61693
2026-01-02 09:43:14,102.48,586,60053
2026-01-02 09:43:15,102.48,571,58516
2026-01-02 09:43:16,102.48,586,60053
2026-01-02 09:43:17,102.48,555,56876
2026-01-02 09:43:18,102.48,530,54314
2026-01-02 09:43:19,102.48,588,60258
2026-01-02 09:43:20,102.48,589,60361
2026-01-02 09:43:21,102.48,561,57491
2026-01-02 09:43:22,102.48,589,60361
2026-01-02 09:43:23,102.48,542,55544
2026-01-02 09:43:24,102.48,554,56774
2026-01-02 09:43:25,102.48,627,64255
2026-01-02 09:43:26,102.48,556,56979
2026-01-02 09:43:27,102.48,563,57696
2026-01-02 09:43:28,102.48,561,57491
2026-01-02 09:43:29,102.48,587,60156
2026-01-02 09:43:30,102.48,554,56774
2026-01-02 09:43:31,102.48,544,55749
2026-01-02 09:43:32,102.48,562,57594
2026-01-02 09:43:33,102.48,571,58516
2026-01-02 09:43:34,102.48,592,60668
2026-01-02 09:43:35,102.48,576,59028
2026-01-02 09:43:36,102.48,574,58824
2026-01-02 09:43:37,102.48,589,60361
2026-01-02 09:43:38,102.48,516,52880
2026-01-02 09:43:39,102.48,537,55032
2026-01-02 09:43:40,102.48,537,55032
2026-01-02 09:43:41,102.48,598,61283
2026-01-02 09:43:42,102.48,557,57081
2026-01-02 09:43:43,102.48,590,60463
2026-01-02 09:43:44,102.48,555,56876
2026-01-02 09:43:45,102.48,560,57389
2026-01-02 09:43:46,102.48,518,53085
2026-01-02 09:43:47,102.48,568,58209
2026-01-02 09:43:48,102.48,548,56159
2026-01-02 09:43:49,102.48,541,55442
2026-01-02 09:43:50,102.48,545,55852
2026-01-02 09:43:51,102.48,570,58414
2026-01-02 09:43:52,102.48,575,58926
2026-01-02 09:43:53,102.48,574,58824
2026-01-02 09:43:54,102.48,570,58414
2026-01-02 09:43:55,102.48,570,58414
2026-01-02 09:43:56,102.48,515,52777
2026-01-02 09:43:57,102.48,555,56876
2026-01-02 09:43:58,102.48,567,58106
2026-01-02 09:43:59,102.48,543,55647
2026-01-02 09:44:00,102.48,575,58926
2026-01-02 09:44:01,102.48,583,59746
2026-01-02 09:44:02,102.48,613,62820
2026-01-02 09:44:03,102.48,571,58516
2026-01-02 09:44:04,102.48,540,55339
2026-01-02 09:44:05,102.48,569,58311
2026-01-02 09:44:06,102.48,543,55647
2026-01-02 09:44:07,102.48,523,53597
2026-01-02 09:44:08,102.48,495,50728
2026-01-02 09:44:09,102.48,562,57594
2026-01-02 09:44:10,102.48,545,55852
2026-01-02 09:44:11,102.48,587,60156
2026-01-02 09:44:12,102.48,528,54109
2026-01-02 09:44:13,102.48,546,55954
2026-01-02 09:44:14,102.48,566,58004
2026-01-02 09:44:15,102.48,570,58414
2026-01-02 09:44:16,102.48,562,57594
2026-01-02 09:44:17,102.48,596,61078
2026-01-02 09:44:18,102.48,564,57799
2026-01-02 09:44:19,102.48,592,60668
2026-01-02 09:44:20,102.48,567,58106
2026-01-02 09:44:21,102.48,554,56774
2026-01-02 09:44:22,102.48,551,56466
2026-01-02 09:44:23,102.48,584,59848
2026-01-02 09:44:24,102.48,545,55852
2026-01-02 09:44:25,102.48,584,59848
2026-01-02 09:44:26,102.48,601,61590
2026-01-02 09:44:27,102.48,571,58516
2026-01-02 09:44:28,102.48,559,57286
2026-01-02 09:44:29,102.48,546,55954
2026-01-02 09:44:30,102.48,549,56262
2026-01-02 09:44:31,102.48,549,56262
2026-01-02 09:44:32,102.48,572,58619
2026-01-02 09:44:33,102.48,555,56876
2026-01-02 09:44:34,102.48,581,59541
2026-01-02 09:44:35,102.48,536,54929
2026-01-02 09:44:36,102.48,554,56774
2026-01-02 09:44:37,102.48,601,61590
2026-01-02 09:44:38,102.48,588,60258
2026-01-02 09:44:39,102.48,528,54109
2026-01-02 09:44:40,102.48,565,57901
2026-01-02 09:44:41,102.48,539,55237
2026-01-02 09:44:42,102.48,563,57696
2026-01-02 09:44:43,102.48,524,53700
2026-01-02 09:44:44,102.48,549,56262
2026-01-02 09:44:45,102.48,540,55339
2026-01-02 09:44:46,102.48,559,57286
2026-01-02 09:44:47,102.48,574,58824
2026-01-02 09:44:48,102.48,574,58824
2026-01-02 09:44:49,102.48,503,51547
2026-01-02 09:44:50,102.48,545,55852
2026-01-02 09:44:51,102.48,563,57696
2026-01-02 09:44:52,102.48,552,56569
2026-01-02 09:44:53,102.48,532,54519
2026-01-02 09:44:54,102.48,534,54724
2026-01-02 09:44:55,102.48,573,58721
2026-01-02 09:44:56,102.48,568,58209
2026-01-02 09:44:57,102.48,522,53495
2026-01-02 09:44:58,102.48,540,55339
2026-01-02 09:44:59,102.48,564,57799
2026-01-02 09:45:00,102.48,555,56876
2026-01-02 09:45:01,102.48,527,54007
2026-01-02 09:45:02,102.48,543,55647
2026-01-02 09:45:03,102.48,562,57594
2026-01-02 09:45:04,102.48,528,54109
2026-01-02 09:45:05,102.48,582,59643
2026-01-02 09:45:06,102.48,556,56979
2026-01-02 09:45:07,102.48,503,51547
2026-01-02 09:45:08,102.48,573,58721
2026-01-02 09:45:09,102.48,507,51957
2026-01-02 09:45:10,102.48,572,58619
2026-01-02 09:45:11,102.48,556,56979
2026-01-02 09:45:12,101.85,578,58869
2026-01-02 09:45:13,102.46,581,59529
2026-01-02 09:45:14,102.23,568,58067
2026-01-02 09:45:15,102.48,578,59233
2026-01-02 09:45:16,102.48,597,61181
2026-01-02 09:45:17,102.48,536,54929
2026-01-02 09:45:18,102.48,577,59131
2026-01-02 09:45:19,102.48,529,54212
2026-01-02 09:45:20,102.48,540,55339
2026-01-02 09:45:21,102.48,517,52982
2026-01-02 09:45:22,102.48,518,53085
2026-01-02 09:45:23,102.48,561,57491
2026-01-02 09:45:24,102.48,577,59131
2026-01-02 09:45:25,102.48,569,58311
2026-01-02 09:45:26,102.48,571,58516
2026-01-02 09:45:27,102.48,565,57901
2026-01-02 09:45:28,102.48,549,56262
2026-01-02 09:45:29,102.48,595,60976
2026-01-02 09:45:30,102.48,559,57286
2026-01-02 09:45:31,102.48,591,60566
2026-01-02 09:45:32,102.48,583,59746
2026-01-02 09:45:33,102.48,547,56057
2026-01-02 09:45:34,102.48,572,58619
2026-01-02 09:45:35,102.48,564,57799
2026-01-02 09:45:36,102.48,550,56364
2026-01-02 09:45:37,102.48,531,54417
2026-01-02 09:45:38,102.48,536,54929
2026-01-02 09:45:39,102.48,522,53495
2026-01-02 09:45:40,102.48,536,54929
2026-01-02 09:45:41,102.48,556,56979
2026-01-02 09:45:42,102.48,563,57696
2026-01-02 09:45:43,102.48,521,53392
2026-01-02 09:45:44,102.48,557,57081
2026-01-02 09:45:45,102.48,533,54622
2026-01-02 09:45:46,102.48,553,56671
2026-01-02 09:45:47,102.48,613,62820
2026-01-02 09:45:48,102.48,587,60156
2026-01-02 09:45:49,102.48,560,57389
2026-01-02 09:45:50,102.48,546,55954
2026-01-02 09:45:51,102.48,552,56569
2026-01-02 09:45:52,102.48,533,54622
2026-01-02 09:45:53,102.48,523,53597
2026-01-02 09:45:54,102.48,561,57491
2026-01-02 09:45:55,102.48,560,57389
2026-01-02 09:45:56,102.48,522,53495
2026-01-02 09:45:57,102.48,527,54007
2026-01-02 09:45:58,102.48,571,58516
2026-01-02 09:45:59,102.48,542,55544
2026-01-02 09:46:00,102.48,555,56876
2026-01-02 09:46:01,102.48,583,59746
2026-01-02 09:46:02,102.48,568,58209
2026-01-02 09:46:03,102.48,570,58414
2026-01-02 09:46:04,102.48,503,51547
2026-01-02 09:46:05,102.48,556,56979
2026-01-02 09:46:06,102.48,558,57184
2026-01-02 09:46:07,102.48,534,54724
2026-01-02 09:46:08,102.48,543,55647
2026-01-02 09:46:09,102.48,523,53597
2026-01-02 09:46:10,102.48,560,57389
2026-01-02 09:46:11,102.48,533,54622
2026-01-02 09:46:12,102.48,553,56671
2026-01-02 09:46:13,102.48,512,52470
2026-01-02 09:46:14,102.48,545,55852
2026-01-02 09:46:15,102.48,557,57081
2026-01-02 09:46:16,102.48,507,51957
2026-01-02 09:46:17,102.48,593,60771
2026-01-02 09:46:18,102.48,592,60668
2026-01-02 09:46:19,102.48,539,55237
2026-01-02 09:46:20,102.48,565,57901
2026-01-02 09:46:21,102.48,535,54827
2026-01-02 09:46:22,102.48,557,57081
2026-01-02 09:46:23,102.48,551,56466
2026-01-02 09:46:24,102.48,561,57491
2026-01-02 09:46:25,102.48,535,54827
2026-01-02 09:46:26,102.48,560,57389
2026-01-02 09:46:27,102.48,497,50933
2026-01-02 09:46:28,102.48,538,55134
2026-01-02 09:46:29,102.48,527,54007
2026-01-02 09:46:30,102.48,552,56569
2026-01-02 09:46:31,102.48,553,56671
2026-01-02 09:46:32,102.48,539,55237
2026-01-02 09:46:33,102.48,575,58926
2026-01-02 09:46:34,102.48,545,55852
2026-01-02 09:46:35,102.48,532,54519
2026-01-02 09:46:36,102.48,509,52162
2026-01-02 09:46:37,102.48,534,54724
2026-01-02 09:46:38,102.48,529,54212
2026-01-02 09:46:39,102.48,525,53802
2026-01-02 09:46:40,102.48,527,54007
2026-01-02 09:46:41,102.48,557,57081
2026-01-02 09:46:42,102.48,554,56774
2026-01-02 09:46:43,102.48,538,55134
2026-01-02 09:46:44,102.48,545,55852
2026-01-02 09:46:45,102.48,485,49703
2026-01-02 09:46:46,102.48,537,55032
2026-01-02 09:46:47,102.48,545,55852
2026-01-02 09:46:48,102.48,576,59028
2026-01-02 09:46:49,102.48,578,59233
2026-01-02 09:46:50,102.48,545,55852
2026-01-02 09:46:51,102.48,546,55954
2026-01-02 09:46:52,102.48,512,52470
2026-01-02 09:46:53,102.48,541,55442
2026-01-02 09:46:54,102.48,564,57799
2026-01-02 09:46:55,102.48,557,57081
2026-01-02 09:46:56,102.48,582,59643
2026-01-02 09:46:57,102.48,555,56876
2026-01-02 09:46:58,102.48,585,59951
2026-01-02 09:46:59,102.48,561,57491
2026-01-02 09:47:00,102.48,508,52060
2026-01-02 09:47:01,102.48,512,52470
2026-01-02 09:47:02,102.48,536,54929
2026-01-02 09:47:03,102.48,549,56262
2026-01-02 09:47:04,102.48,565,57901
2026-01-02 09:47:05,102.48,614,62923
2026-01-02 09:47:06,102.48,535,54827
2026-01-02 09:47:07,102.48,540,55339
2026-01-02 09:47:08,102.48,563,57696
2026-01-02 09:47:09,102.48,582,59643
2026-01-02 09:47:10,102.48,534,54724
2026-01-02 09:47:11,102.48,551,56466
2026-01-02 09:47:12,102.48,526,53904
2026-01-02 09:47:13,102.48,540,55339
2026-01-02 09:47:14,102.48,569,58311
2026-01-02 09:47:15,102.48,517,52982
2026-01-02 09:47:16,102.48,531,54417
2026-01-02 09:47:17,102.48,560,57389
2026-01-02 09:47:18,102.48,580,59438
2026-01-02 09:47:19,102.48,516,52880
2026-01-02 09:47:20,102.48,511,52367
2026-01-02 09:47:21,102.48,520,53290
2026-01-02 09:47:22,102.48,527,54007
2026-01-02 09:47:23,102.48,524,53700
2026-01-02 09:47:24,102.48,574,58824
2026-01-02 09:47:25,102.48,554,56774
2026-01-02 09:47:26,102.48,553,56671
2026-01-02 09:47:27,102.48,550,56364
2026-01-02 09:47:28,102.48,554,56774
2026-01-02 09:47:29,102.48,544,55749
2026-01-02 09:47:30,102.48,547,56057
2026-01-02 09:47:31,102.48,525,53802
2026-01-02 09:47:32,102.48,539,55237
2026-01-02 09:47:33,102.48,529,54212
2026-01-02 09:47:34,102.48,561,57491
2026-01-02 09:47:35,102.48,561,57491
2026-01-02 09:47:36,102.48,524,53700
2026-01-02 09:47:37,102.48,545,55852
2026-01-02 09:47:38,102.48,561,57491
2026-01-02 09:47:39,102.48,543,55647
2026-01-02 09:47:40,102.48,512,52470
2026-01-02 09:47:41,102.48,575,58926
2026-01-02 09:47:42,102.48,516,52880
2026-01-02 09:47:43,102.48,516,52880
2026-01-02 09:47:44,102.48,524,53700
2026-01-02 09:47:45,102.48,535,54827
2026-01-02 09:47:46,102.48,543,55647
2026-01-02 09:47:47,102.48,509,52162
2026-01-02 09:47:48,102.48,534,54724
2026-01-02 09:47:49,102.48,563,57696
2026-01-02 09:47:50,102.48,477,48883
2026-01-02 09:47:51,102.48,542,55544
2026-01-02 09:47:52,102.48,542,55544
2026-01-02 09:47:53,102.48,541,55442
2026-01-02 09:47:54,102.48,536,54929
2026-01-02 09:47:55,102.48,551,56466
2026-01-02 09:47:56,102.48,555,56876
2026-01-02 09:47:57,102.48,510,52265
2026-01-02 09:47:58,102.48,515,52777
2026-01-02 09:47:59,102.48,529,54212
2026-01-02 09:48:00,102.48,528,54109
2026-01-02 09:48:01,102.48,532,54519
2026-01-02 09:48:02,102.48,568,58209
2026-01-02 09:48:03,102.48,545,55852
2026-01-02 09:48:04,102.48,549,56262
2026-01-02 09:48:05,102.48,534,54724
2026-01-02 09:48:06,102.48,541,55442
2026-01-02 09:48:07,102.48,539,55237
2026-01-02 09:48:08,102.48,520,53290
2026-01-02 09:48:09,102.48,548,56159
2026-01-02 09:48:10,102.48,607,62205
2026-01-02 09:48:11,102.48,550,56364
2026-01-02 09:48:12,102.48,543,55647
2026-01-02 09:48:13,102.48,493,50523
2026-01-02 09:48:14,102.48,545,55852
2026-01-02 09:48:15,102.48,513,52572
2026-01-02 09:48:16,102.48,590,60463
2026-01-02 09:48:17,102.48,529,54212
2026-01-02 09:48:18,102.48,572,58619
2026-01-02 09:48:19,102.48,542,55544
2026-01-02 09:48:20,102.48,517,52982
2026-01-02 09:48:21,102.48,544,55749
2026-01-02 09:48:22,102.48,508,52060
2026-01-02 09:48:23,102.48,514,52675
2026-01-02 09:48:24,102.48,545,55852
2026-01-02 09:48:25,102.48,558,57184
2026-01-02 09:48:26,102.48,546,55954
2026-01-02 09:48:27,102.48,532,54519
2026-01-02 09:48:28,102.48,548,56159
2026-01-02 09:48:29,102.48,544,55749
2026-01-02 09:48:30,102.48,546,55954
2026-01-02 09:48:31,102.48,541,55442
2026-01-02 09:48:32,102.48,531,54417
2026-01-02 09:48:33,102.48,565,57901
2026-01-02 09:48:34,102.48,558,57184
2026-01-02 09:48:35,102.48,512,52470
2026-01-02 09:48:36,102.48,506,51855
2026-01-02 09:48:37,102.48,567,58106
2026-01-02 09:48:38,102.48,508,52060
2026-01-02 09:48:39,102.48,575,58926
2026-01-02 09:48:40,102.48,524,53700
2026-01-02 09:48:41,102.48,544,55749
2026-01-02 09:48:42,102.48,498,51035
2026-01-02 09:48:43,102.48,499,51138
2026-01-02 09:48:44,102.48,485,49703
2026-01-02 09:48:45,102.48,480,49190
2026-01-02 09:48:46,102.48,565,57901
2026-01-02 09:48:47,102.48,562,57594
2026-01-02 09:48:48,102.48,555,56876
2026-01-02 09:48:49,102.48,538,55134
2026-01-02 09:48:50,102.48,529,54212
2026-01-02 09:48:51,102.48,533,54622
2026-01-02 09:48:52,102.48,510,52265
2026-01-02 09:48:53,102.48,546,55954
2026-01-02 09:48:54,102.48,546,55954
2026-01-02 09:48:55,102.48,535,54827
2026-01-02 09:48:56,102.48,525,53802
2026-01-02 09:48:57,102.48,519,53187
2026-01-02 09:48:58,102.48,581,59541
2026-01-02 09:48:59,102.48,529,54212
2026-01-02 09:49:00,102.48,559,57286
2026-01-02 09:49:01,102.48,550,56364
2026-01-02 09:49:02,102.48,527,54007
2026-01-02 09:49:03,102.48,517,52982
2026-01-02 09:49:04,102.48,544,55749
2026-01-02 09:49:05,102.48,515,52777
2026-01-02 09:49:06,102.48,487,49908
2026-01-02 09:49:07,102.48,531,54417
2026-01-02 09:49:08,102.48,545,55852
2026-01-02 09:49:09,102.48,526,53904
2026-01-02 09:49:10,102.48,572,58619
2026-01-02 09:49:11,102.48,550,56364
2026-01-02 09:49:12,102.48,488,50010
2026-01-02 09:49:13,102.48,526,53904
2026-01-02 09:49:14,102.48,509,52162
2026-01-02 09:49:15,102.48,504,51650
2026-01-02 09:49:16,102.48,534,54724
2026-01-02 09:49:17,102.48,520,53290
2026-01-02 09:49:18,102.48,554,56774
2026-01-02 09:49:19,102.48,513,52572
2026-01-02 09:49:20,102.48,520,53290
2026-01-02 09:49:21,102.48,496,50830
2026-01-02 09:49:22,102.48,485,49703
2026-01-02 09:49:23,102.48,553,56671
2026-01-02 09:49:24,102.48,486,49805
2026-01-02 09:49:25,102.48,473,48473
2026-01-02 09:49:26,102.48,521,53392
2026-01-02 09:49:27,102.48,512,52470
2026-01-02 09:49:28,102.48,512,52470
2026-01-02 09:49:29,102.48,540,55339
2026-01-02 09:49:30,102.48,534,54724
2026-01-02 09:49:31,102.48,533,54622
2026-01-02 09:49:32,102.48,533,54622
2026-01-02 09:49:33,102.48,530,54314
2026-01-02 09:49:34,102.48,536,54929
2026-01-02 09:49:35,102.48,527,54007
2026-01-02 09:49:36,102.48,528,54109
2026-01-02 09:49:37,102.48,576,59028
2026-01-02 09:49:38,102.48,512,52470
2026-01-02 09:49:39,102.48,512,52470
2026-01-02 09:49:40,102.48,564,57799
2026-01-02 09:49:41,102.48,532,54519
2026-01-02 09:49:42,102.48,511,52367
2026-01-02 09:49:43,102.48,553,56671
2026-01-02 09:49:44,102.48,507,51957
2026-01-02 09:49:45,102.48,516,52880
2026-01-02 09:49:46,102.48,526,53904
2026-01-02 09:49:47,102.48,536,54929
2026-01-02 09:49:48,102.48,556,56979
2026-01-02 09:49:49,102.48,530,54314
2026-01-02 09:49:50,102.48,524,53700
2026-01-02 09:49:51,102.48,536,54929
2026-01-02 09:49:52,102.48,519,53187
2026-01-02 09:49:53,102.48,553,56671
2026-01-02 09:49:54,102.48,487,49908
2026-01-02 09:49:55,102.48,556,56979
2026-01-02 09:49:56,102.48,498,51035
2026-01-02 09:49:57,102.48,524,53700
2026-01-02 09:49:58,102.48,532,54519
2026-01-02 09:49:59,102.48,505,51752
2026-01-02 09:50:00,102.48,502,51445
2026-01-02 09:50:01,102.48,512,52470
2026-01-02 09:50:02,102.48,492,50420
2026-01-02 09:50:03,102.48,540,55339
2026-01-02 09:50:04,102.48,526,53904
2026-01-02 09:50:05,102.48,559,57286
2026-01-02 09:50:06,102.48,486,49805
2026-01-02 09:50:07,102.48,501,51342
2026-01-02 09:50:08,102.48,513,52572
2026-01-02 09:50:09,102.48,547,56057
2026-01-02 09:50:10,102.48,554,56774
2026-01-02 09:50:11,102.48,561,57491
2026-01-02 09:50:12,102.48,533,54622
2026-01-02 09:50:13,102.48,525,53802
2026-01-02 09:50:14,102.48,539,55237
2026-01-02 09:50:15,102.48,566,58004
2026-01-02 09:50:16,102.48,564,57799
2026-01-02 09:50:17,102.48,509,52162
2026-01-02 09:50:18,102.48,534,54724
2026-01-02 09:50:19,102.48,532,54519
2026-01-02 09:50:20,102.48,503,51547
2026-01-02 09:50:21,102.48,513,52572
2026-01-02 09:50:22,102.48,507,51957
2026-01-02 09:50:23,102.48,491,50318
2026-01-02 09:50:24,102.48,533,54622
2026-01-02 09:50:25,102.48,500,51240
2026-01-02 09:50:26,102.48,540,55339
2026-01-02 09:50:27,102.48,542,55544
2026-01-02 09:50:28,102.48,515,52777
2026-01-02 09:50:29,102.48,519,53187
2026-01-02 09:50:30,102.48,519,53187
2026-01-02 09:50:31,102.48,537,55032
2026-01-02 09:50:32,102.48,484,49600
2026-01-02 09:50:33,102.48,492,50420
2026-01-02 09:50:34,102.48,481,49293
2026-01-02 09:50:35,102.48,497,50933
2026-01-02 09:50:36,102.48,535,54827
2026-01-02 09:50:37,102.48,561,57491
2026-01-02 09:50:38,102.48,503,51547
2026-01-02 09:50:39,102.48,560,57389
2026-01-02 09:50:40,102.48,508,52060
2026-01-02 09:50:41,102.48,518,53085
2026-01-02 09:50:42,102.48,530,54314
2026-01-02 09:50:43,102.48,507,51957
2026-01-02 09:50:44,102.48,501,51342
2026-01-02 09:50:45,102.48,531,54417
2026-01-02 09:50:46,102.48,524,53700
2026-01-02 09:50:47,102.48,489,50113
2026-01-02 09:50:48,102.48,514,52675
2026-01-02 09:50:49,102.48,561,57491
2026-01-02 09:50:50,102.48,515,52777
2026-01-02 09:50:51,102.48,535,54827
2026-01-02 09:50:52,102.48,544,55749
2026-01-02 09:50:53,102.48,543,55647
2026-01-02 09:50:54,102.48,512,52470
2026-01-02 09:50:55,102.48,510,52265
2026-01-02 09:50:56,102.48,546,55954
2026-01-02 09:50:57,102.48,483,49498
2026-01-02 09:50:58,102.48,534,54724
2026-01-02 09:50:59,102.48,450,46116
2026-01-02 09:51:00,102.48,510,52265
2026-01-02 09:51:01,102.48,538,55134
2026-01-02 09:51:02,102.48,513,52572
2026-01-02 09:51:03,102.48,495,50728
2026-01-02 09:51:04,102.48,523,53597
2026-01-02 09:51:05,102.48,515,52777
2026-01-02 09:51:06,102.48,487,49908
2026-01-02 09:51:07,102.48,530,54314
2026-01-02 09:51:08,102.48,539,55237
2026-01-02 09:51:09,102.48,548,56159
2026-01-02 09:51:10,102.48,497,50933
2026-01-02 09:51:11,102.48,529,54212
2026-01-02 09:51:12,102.48,501,51342
2026-01-02 09:51:13,102.48,483,49498
2026-01-02 09:51:14,102.48,534,54724
2026-01-02 09:51:15,102.48,490,50215
2026-01-02 09:51:16,102.48,495,50728
2026-01-02 09:51:17,102.48,499,51138
2026-01-02 09:51:18,102.48,512,52470
2026-01-02 09:51:19,102.48,456,46731
2026-01-02 09:51:20,102.48,506,51855
2026-01-02 09:51:21,102.48,528,54109
2026-01-02 09:51:22,102.48,482,49395
2026-01-02 09:51:23,102.48,494,50625
2026-01-02 09:51:24,102.48,516,52880
2026-01-02 09:51:25,102.48,510,52265
2026-01-02 09:51:26,102.48,532,54519
2026-01-02 09:51:27,102.48,535,54827
2026-01-02 09:51:28,102.48,481,49293
2026-01-02 09:51:29,102.48,499,51138
2026-01-02 09:51:30,102.48,525,53802
2026-01-02 09:51:31,102.48,509,52162
2026-01-02 09:51:32,102.48,539,55237
2026-01-02 09:51:33,102.48,475,48678
2026-01-02 09:51:34,102.48,464,47551
2026-01-02 09:51:35,102.48,497,50933
2026-01-02 09:51:36,102.48,535,54827
2026-01-02 09:51:37,102.48,470,48166
2026-01-02 09:51:38,102.48,511,52367
2026-01-02 09:51:39,102.48,527,54007
2026-01-02 09:51:40,102.48,502,51445
2026-01-02 09:51:41,102.48,553,56671
2026-01-02 09:51:42,102.48,521,53392
2026-01-02 09:51:43,102.48,511,52367
2026-01-02 09:51:44,102.48,506,51855
2026-01-02 09:51:45,102.48,532,54519
2026-01-02 09:51:46,102.48,504,51650
2026-01-02 09:51:47,102.48,488,50010
2026-01-02 09:51:48,102.48,514,52675
2026-01-02 09:51:49,102.48,540,55339
2026-01-02 09:51:50,102.48,470,48166
2026-01-02 09:51:51,102.48,515,52777
2026-01-02 09:51:52,102.48,520,53290
2026-01-02 09:51:53,102.48,527,54007
2026-01-02 09:51:54,102.48,519,53187
2026-01-02 09:51:55,102.48,489,50113
2026-01-02 09:51:56,102.48,504,51650
2026-01-02 09:51:57,102.48,482,49395
2026-01-02 09:51:58,102.48,492,50420
2026-01-02 09:51:59,102.48,526,53904
2026-01-02 09:52:00,102.48,492,50420
2026-01-02 09:52:01,102.48,490,50215
2026-01-02 09:52:02,102.48,519,53187
2026-01-02 09:52:03,102.48,523,53597
2026-01-02 09:52:04,102.48,486,49805
2026-01-02 09:52:05,102.48,471,48268
2026-01-02 09:52:06,102.48,502,51445
2026-01-02 09:52:07,102.48,499,51138
2026-01-02 09:52:08,102.48,541,55442
2026-01-02 09:52:09,102.48,542,55544
2026-01-02 09:52:10,102.48,523,53597
2026-01-02 09:52:11,102.48,514,52675
2026-01-02 09:52:12,102.48,497,50933
2026-01-02 09:52:13,102.48,504,51650
2026-01-02 09:52:14,102.48,505,51752
2026-01-02 09:52:15,102.48,518,53085
2026-01-02 09:52:16,102.48,494,50625
2026-01-02 09:52:17,102.48,488,50010
2026-01-02 09:52:18,102.48,508,52060
2026-01-02 09:52:19,102.48,521,53392
2026-01-02 09:52:20,102.48,527,54007
2026-01-02 09:52:21,102.48,474,48576
2026-01-02 09:52:22,102.48,531,54417
2026-01-02 09:52:23,102.48,488,50010
2026-01-02 09:52:24,102.48,525,53802
2026-01-02 09:52:25,102.48,498,51035
2026-01-02 09:52:26,102.48,524,53700
2026-01-02 09:52:27,102.48,546,55954
2026-01-02 09:52:28,102.48,508,52060
2026-01-02 09:52:29,102.48,492,50420
2026-01-02 09:52:30,102.48,552,56569
2026-01-02 09:52:31,102.48,504,51650
2026-01-02 09:52:32,102.48,532,54519
2026-01-02 09:52:33,102.48,497,50933
2026-01-02 09:52:34,102.48,500,51240
2026-01-02 09:52:35,102.48,514,52675
2026-01-02 09:52:36,102.48,508,52060
2026-01-02 09:52:37,102.48,505,51752
2026-01-02 09:52:38,102.48,503,51547
2026-01-02 09:52:39,102.48,521,53392
2026-01-02 09:52:40,102.48,494,50625
2026-01-02 09:52:41,102.48,480,49190
2026-01-02 09:52:42,102.48,538,55134
2026-01-02 09:52:43,102.48,499,51138
2026-01-02 09:52:44,102.48,477,48883
2026-01-02 09:52:45,102.48,483,49498
2026-01-02 09:52:46,102.48,519,53187
2026-01-02 09:52:47,102.48,523,53597
2026-01-02 09:52:48,102.48,527,54007
2026-01-02 09:52:49,102.48,518,53085
2026-01-02 09:52:50,102.48,488,50010
2026-01-02 09:52:51,102.48,501,51342
2026-01-02 09:52:52,102.48,527,54007
2026-01-02 09:52:53,102.48,481,49293
2026-01-02 09:52:54,102.48,487,49908
2026-01-02 09:52:55,102.48,529,54212
2026-01-02 09:52:56,102.48,526,53904
2026-01-02 09:52:57,102.48,478,48985
2026-01-02 09:52:58,102.48,517,52982
2026-01-02 09:52:59,102.48,494,50625
2026-01-02 09:53:00,102.48,482,49395
2026-01-02 09:53:01,102.48,465,47653
2026-01-02 09:53:02,102.48,544,55749
2026-01-02 09:53:03,102.48,491,50318
2026-01-02 09:53:04,102.48,525,53802
2026-01-02 09:53:05,102.48,502,51445
2026-01-02 09:53:06,102.48,516,52880
2026-01-02 09:53:07,102.48,494,50625
2026-01-02 09:53:08,102.48,546,55954
2026-01-02 09:53:09,102.48,476,48780
2026-01-02 09:53:10,102.48,504,51650
2026-01-02 09:53:11,102.48,558,57184
2026-01-02 09:53:12,102.48,508,52060
2026-01-02 09:53:13,102.48,517,52982
2026-01-02 09:53:14,102.48,519,53187
2026-01-02 09:53:15,102.48,523,53597
2026-01-02 09:53:16,102.48,519,53187
2026-01-02 09:53:17,102.48,514,52675
2026-01-02 09:53:18,102.48,503,51547
2026-01-02 09:53:19,102.48,493,50523
2026-01-02 09:53:20,102.48,542,55544
2026-01-02 09:53:21,102.48,517,52982
2026-01-02 09:53:22,102.48,565,57901
2026-01-02 09:53:23,102.48,495,50728
2026-01-02 09:53:24,102.48,483,49498
2026-01-02 09:53:25,102.48,508,52060
2026-01-02 09:53:26,102.48,514,52675
2026-01-02 09:53:27,102.48,553,56671
2026-01-02 09:53:28,102.48,515,52777
2026-01-02 09:53:29,102.48,529,54212
2026-01-02 09:53:30,102.48,509,52162
2026-01-02 09:53:31,102.48,471,48268
2026-01-02 09:53:32,102.48,511,52367
2026-01-02 09:53:33,102.48,517,52982
2026-01-02 09:53:34,102.48,525,53802
2026-01-02 09:53:35,102.48,537,55032
2026-01-02 09:53:36,102.48,520,53290
2026-01-02 09:53:37,102.48,475,48678
2026-01-02 09:53:38,102.48,478,48985
2026-01-02 09:53:39,102.48,523,53597
2026-01-02 09:53:40,102.48,479,49088
2026-01-02 09:53:41,102.48,495,50728
2026-01-02 09:53:42,102.48,503,51547
2026-01-02 09:53:43,102.48,487,49908
2026-01-02 09:53:44,102.48,485,49703
2026-01-02 09:53:45,102.48,498,51035
2026-01-02 09:53:46,102.48,531,54417
2026-01-02 09:53:47,102.48,526,53904
2026-01-02 09:53:48,102.48,515,52777
2026-01-02 09:53:49,102.48,457,46833
2026-01-02 09:53:50,102.48,484,49600
2026-01-02 09:53:51,102.48,463,47448
2026-01-02 09:53:52,102.48,518,53085
2026-01-02 09:53:53,102.48,500,51240
2026-01-02 09:53:54,102.48,534,54724
2026-01-02 09:53:55,102.48,481,49293
2026-01-02 09:53:56,102.48,483,49498
2026-01-02 09:53:57,102.48,506,51855
2026-01-02 09:53:58,102.48,503,51547
2026-01-02 09:53:59,102.48,506,51855
2026-01-02 09:54:00,102.48,502,51445
2026-01-02 09:54:01,102.48,538,55134
2026-01-02 09:54:02,102.48,491,50318
2026-01-02 09:54:03,102.48,591,60566
2026-01-02 09:54:04,102.48,492,50420
2026-01-02 09:54:05,102.48,448,45911
2026-01-02 09:54:06,102.48,496,50830
2026-01-02 09:54:07,102.48,479,49088
2026-01-02 09:54:08,102.48,564,57799
2026-01-02 09:54:09,102.48,514,52675
2026-01-02 09:54:10,102.48,477,48883
2026-01-02 09:54:11,102.48,474,48576
2026-01-02 09:54:12,102.48,532,54519
2026-01-02 09:54:13,102.48,506,51855
2026-01-02 09:54:14,102.48,491,50318
2026-01-02 09:54:15,102.48,499,51138
2026-01-02 09:54:16,102.48,504,51650
2026-01-02 09:54:17,102.48,468,47961
2026-01-02 09:54:18,102.48,497,50933
2026-01-02 09:54:19,102.48,487,49908
2026-01-02 09:54:20,102.48,480,49190
2026-01-02 09:54:21,102.48,483,49498
2026-01-02 09:54:22,102.48,465,47653
2026-01-02 09:54:23,102.48,480,49190
2026-01-02 09:54:24,102.48,500,51240
2026-01-02 09:54:25,102.48,506,51855
2026-01-02 09:54:26,102.48,522,53495
2026-01-02 09:54:27,102.48,467,47858
2026-01-02 09:54:28,102.48,467,47858
2026-01-02 09:54:29,102.48,494,50625
2026-01-02 09:54:30,102.48,504,51650
2026-01-02 09:54:31,102.48,505,51752
2026-01-02 09:54:32,102.48,565,57901
2026-01-02 09:54:33,102.48,512,52470
2026-01-02 09:54:34,102.48,502,51445
2026-01-02 09:54:35,102.48,497,50933
2026-01-02 09:54:36,102.48,492,50420
2026-01-02 09:54:37,102.48,501,51342
2026-01-02 09:54:38,102.48,529,54212
2026-01-02 09:54:39,102.48,535,54827
2026-01-02 09:54:40,102.48,456,46731
2026-01-02 09:54:41,102.48,505,51752
2026-01-02 09:54:42,102.48,517,52982
2026-01-02 09:54:43,102.48,492,50420
2026-01-02 09:54:44,102.48,528,54109
2026-01-02 09:54:45,102.48,555,56876
2026-01-02 09:54:46,102.48,548,56159
2026-01-02 09:54:47,102.48,471,48268
2026-01-02 09:54:48,102.48,509,52162
2026-01-02 09:54:49,102.48,516,52880
2026-01-02 09:54:50,102.48,503,51547
2026-01-02 09:54:51,102.48,509,52162
2026-01-02 09:54:52,102.48,514,52675
2026-01-02 09:54:53,102.48,468,47961
2026-01-02 09:54:54,102.48,492,50420
2026-01-02 09:54:55,102.48,531,54417
2026-01-02 09:54:56,102.48,495,50728
2026-01-02 09:54:57,102.48,538,55134
2026-01-02 09:54:58,102.48,458,46936
2026-01-02 09:54:59,102.48,490,50215
2026-01-02 09:55:00,102.48,507,51957
2026-01-02 09:55:01,102.48,497,50933
2026-01-02 09:55:02,102.48,485,49703
2026-01-02 09:55:03,102.48,477,48883
2026-01-02 09:55:04,102.48,527,54007
2026-01-02 09:55:05,102.48,507,51957
2026-01-02 09:55:06,102.48,505,51752
2026-01-02 09:55:07,102.48,488,50010
2026-01-02 09:55:08,102.48,470,48166
2026-01-02 09:55:09,102.48,455,46628
2026-01-02 09:55:10,102.48,488,50010
2026-01-02 09:55:11,102.48,475,48678
2026-01-02 09:55:12,102.48,430,44066
2026-01-02 09:55:13,102.48,500,51240
2026-01-02 09:55:14,102.48,515,52777
2026-01-02 09:55:15,102.48,496,50830
2026-01-02 09:55:16,102.48,459,47038
2026-01-02 09:55:17,102.48,516,52880
2026-01-02 09:55:18,102.48,509,52162
2026-01-02 09:55:19,102.48,470,48166
2026-01-02 09:55:20,102.48,468,47961
2026-01-02 09:55:21,102.48,539,55237
2026-01-02 09:55:22,102.48,484,49600
2026-01-02 09:55:23,102.48,493,50523
2026-01-02 09:55:24,102.48,505,51752
2026-01-02 09:55:25,102.48,492,50420
2026-01-02 09:55:26,102.48,467,47858
2026-01-02 09:55:27,102.48,509,52162
2026-01-02 09:55:28,102.48,524,53700
2026-01-02 09:55:29,102.48,493,50523
2026-01-02 09:55:30,102.48,469,48063
2026-01-02 09:55:31,102.48,472,48371
2026-01-02 09:55:32,102.48,499,51138
2026-01-02 09:55:33,102.48,490,50215
2026-01-02 09:55:34,102.48,478,48985
2026-01-02 09:55:35,102.48,480,49190
2026-01-02 09:55:36,102.48,483,49498
2026-01-02 09:55:37,102.48,490,50215
2026-01-02 09:55:38,102.48,536,54929
2026-01-02 09:55:39,102.48,506,51855
2026-01-02 09:55:40,102.48,480,49190
2026-01-02 09:55:41,102.48,480,49190
2026-01-02 09:55:42,102.48,510,52265
2026-01-02 09:55:43,102.48,457,46833
2026-01-02 09:55:44,102.48,511,52367
2026-01-02 09:55:45,102.48,482,49395
2026-01-02 09:55:46,102.48,507,51957
2026-01-02 09:55:47,102.48,498,51035
2026-01-02 09:55:48,102.48,436,44681
2026-01-02 09:55:49,102.48,492,50420
2026-01-02 09:55:50,102.48,520,53290
2026-01-02 09:55:51,102.48,488,50010
2026-01-02 09:55:52,102.48,509,52162
2026-01-02 09:55:53,102.48,483,49498
2026-01-02 09:55:54,102.48,476,48780
2026-01-02 09:55:55,102.48,485,49703
2026-01-02 09:55:56,102.48,492,50420
2026-01-02 09:55:57,102.48,492,50420
2026-01-02 09:55:58,102.48,504,51650
2026-01-02 09:55:59,102.48,556,56979
2026-01-02 09:56:00,102.48,496,50830
2026-01-02 09:56:01,102.48,483,49498
2026-01-02 09:56:02,102.48,473,48473
2026-01-02 09:56:03,102.48,484,49600
2026-01-02 09:56:04,102.48,452,46321
2026-01-02 09:56:05,102.48,495,50728
2026-01-02 09:56:06,102.48,497,50933
2026-01-02 09:56:07,102.48,480,49190
2026-01-02 09:56:08,102.48,479,49088
2026-01-02 09:56:09,102.48,473,48473
2026-01-02 09:56:10,102.48,478,48985
2026-01-02 09:56:11,102.48,500,51240
2026-01-02 09:56:12,102.48,494,50625
2026-01-02 09:56:13,102.48,481,49293
2026-01-02 09:56:14,102.48,468,47961
2026-01-02 09:56:15,102.48,476,48780
2026-01-02 09:56:16,102.48,471,48268
2026-01-02 09:56:17,102.48,474,48576
2026-01-02 09:56:18,102.48,469,48063
2026-01-02 09:56:19,102.48,493,50523
2026-01-02 09:56:20,102.48,495,50728
2026-01-02 09:56:21,102.48,504,51650
2026-01-02 09:56:22,102.48,470,48166
2026-01-02 09:56:23,102.48,508,52060
2026-01-02 09:56:24,102.48,488,50010
2026-01-02 09:56:25,102.48,517,52982
2026-01-02 09:56:26,102.48,462,47346
2026-01-02 09:56:27,102.48,525,53802
2026-01-02 09:56:28,102.48,482,49395
2026-01-02 09:56:29,102.48,514,52675
2026-01-02 09:56:30,102.48,456,46731
2026-01-02 09:56:31,102.48,501,51342
2026-01-02 09:56:32,102.48,482,49395
2026-01-02 09:56:33,102.48,492,50420
2026-01-02 09:56:34,102.48,489,50113
2026-01-02 09:56:35,102.48,524,53700
2026-01-02 09:56:36,102.48,464,47551
2026-01-02 09:56:37,102.48,477,48883
2026-01-02 09:56:38,102.48,477,48883
2026-01-02 09:56:39,102.48,487,49908
2026-01-02 09:56:40,102.48,503,51547
2026-01-02 09:56:41,102.48,552,56569
2026-01-02 09:56:42,102.48,471,48268
2026-01-02 09:56:43,102.48,507,51957
2026-01-02 09:56:44,102.48,488,50010
2026-01-02 09:56:45,102.48,441,45194
2026-01-02 09:56:46,102.48,499,51138
2026-01-02 09:56:47,102.48,542,55544
2026-01-02 09:56:48,102.48,471,48268
2026-01-02 09:56:49,102.48,478,48985
2026-01-02 09:56:50,102.48,472,48371
2026-01-02 09:56:51,102.48,485,49703
2026-01-02 09:56:52,102.48,442,45296
2026-01-02 09:56:53,102.48,528,54109
2026-01-02 09:56:54,102.48,503,51547
2026-01-02 09:56:55,102.48,491,50318
2026-01-02 09:56:56,102.48,521,53392
2026-01-02 09:56:57,102.48,509,52162
2026-01-02 09:56:58,102.48,501,51342
2026-01-02 09:56:59,102.48,482,49395
2026-01-02 09:57:00,102.48,463,47448
2026-01-02 09:57:01,102.48,447,45809
2026-01-02 09:57:02,102.48,525,53802
2026-01-02 09:57:03,102.48,500,51240
2026-01-02 09:57:04,102.48,437,44784
2026-01-02 09:57:05,102.48,483,49498
2026-01-02 09:57:06,102.48,478,48985
2026-01-02 09:57:07,102.48,491,50318
2026-01-02 09:57:08,102.48,500,51240
2026-01-02 09:57:09,102.48,488,50010
2026-01-02 09:57:10,102.48,460,47141
2026-01-02 09:57:11,102.48,484,49600
2026-01-02 09:57:12,102.48,498,51035
2026-01-02 09:57:13,102.48,553,56671
2026-01-02 09:57:14,102.48,474,48576
2026-01-02 09:57:15,102.48,478,48985
2026-01-02 09:57:16,102.48,449,46014
2026-01-02 09:57:17,102.48,498,51035
2026-01-02 09:57:18,102.48,450,46116
2026-01-02 09:57:19,102.48,510,52265
2026-01-02 09:57:20,102.48,494,50625
2026-01-02 09:57:21,102.48,487,49908
2026-01-02 09:57:22,102.48,473,48473
2026-01-02 09:57:23,102.48,504,51650
2026-01-02 09:57:24,102.48,489,50113
2026-01-02 09:57:25,102.48,474,48576
2026-01-02 09:57:26,102.48,483,49498
2026-01-02 09:57:27,102.48,523,53597
2026-01-02 09:57:28,102.48,483,49498
2026-01-02 09:57:29,102.48,469,48063
2026-01-02 09:57:30,102.48,467,47858
2026-01-02 09:57:31,102.48,504,51650
2026-01-02 09:57:32,102.48,452,46321
2026-01-02 09:57:33,102.48,475,48678
2026-01-02 09:57:34,102.48,515,52777
2026-01-02 09:57:35,102.48,496,50830
2026-01-02 09:57:36,102.48,488,50010
2026-01-02 09:57:37,102.48,477,48883
2026-01-02 09:57:38,102.48,448,45911
2026-01-02 09:57:39,102.48,497,50933
2026-01-02 09:57:40,102.48,466,47756
2026-01-02 09:57:41,102.48,462,47346
2026-01-02 09:57:42,102.48,501,51342
2026-01-02 09:57:43,102.48,449,46014
2026-01-02 09:57:44,102.48,491,50318
2026-01-02 09:57:45,102.48,514,52675
2026-01-02 09:57:46,102.48,461,47243
2026-01-02 09:57:47,102.48,455,46628
2026-01-02 09:57:48,102.48,490,50215
2026-01-02 09:57:49,102.48,483,49498
2026-01-02 09:57:50,102.48,499,51138
2026-01-02 09:57:51,102.48,479,49088
2026-01-02 09:57:52,102.48,506,51855
2026-01-02 09:57:53,102.48,458,46936
2026-01-02 09:57:54,102.48,472,48371
2026-01-02 09:57:55,102.48,498,51035
2026-01-02 09:57:56,102.48,474,48576
2026-01-02 09:57:57,102.48,510,52265
2026-01-02 09:57:58,102.48,501,51342
2026-01-02 09:57:59,102.48,513,52572
2026-01-02 09:58:00,102.48,493,50523
2026-01-02 09:58:01,102.48,485,49703
2026-01-02 09:58:02,102.48,544,55749
2026-01-02 09:58:03,102.48,475,48678
2026-01-02 09:58:04,102.48,481,49293
2026-01-02 09:58:05,102.48,489,50113
2026-01-02 09:58:06,102.48,466,47756
2026-01-02 09:58:07,100.67,498,50134
2026-01-02 09:58:08,100.46,472,47417
2026-01-02 09:58:09,100.17,483,48382
2026-01-02 09:58:10,99.77,481,47989
2026-01-02 09:58:11,98.09,510,50026
2026-01-02 09:58:12,98.21,486,47730
2026-01-02 09:58:13,97.81,495,48416
2026-01-02 09:58:14,99.08,520,51522
2026-01-02 09:58:15,98.59,500,49295
2026-01-02 09:58:16,97.19,464,45096
2026-01-02 09:58:17,97.69,491,47966
2026-01-02 09:58:18,96.87,480,46498
2026-01-02 09:58:19,96.20,438,42136
2026-01-02 09:58:20,96.18,469,45108
2026-01-02 09:58:21,97.38,451,43918
2026-01-02 09:58:22,94.65,468,44296
2026-01-02 09:58:23,95.16,440,41870
2026-01-02 09:58:24,95.49,464,44307
2026-01-02 09:58:25,97.36,453,44104
2026-01-02 09:58:26,99.31,487,48364
2026-01-02 09:58:27,98.68,494,48748
2026-01-02 09:58:28,98.95,507,50168
2026-01-02 09:58:29,97.60,468,45677
2026-01-02 09:58:30,97.13,470,45651
2026-01-02 09:58:31,95.48,468,44685
2026-01-02 09:58:32,97.44,447,43556
2026-01-02 09:58:33,98.72,476,46991
2026-01-02 09:58:34,100.24,468,46912
2026-01-02 09:58:35,100.44,505,50722
2026-01-02 09:58:36,100.67,472,47516
2026-01-02 09:58:37,97.75,488,47702
2026-01-02 09:58:38,95.82,454,43502
2026-01-02 09:58:39,96.64,464,44841
2026-01-02 09:58:40,96.51,484,46711
2026-01-02 09:58:41,97.41,491,47828
2026-01-02 09:58:42,97.63,479,46765
2026-01-02 09:58:43,99.80,498,49700
2026-01-02 09:58:44,100.77,489,49277
2026-01-02 09:58:45,101.63,488,49595
2026-01-02 09:58:46,102.48,477,48883
2026-01-02 09:58:47,102.48,522,53495
2026-01-02 09:58:48,102.48,520,53290
2026-01-02 09:58:49,102.48,496,50830
2026-01-02 09:58:50,102.48,489,50113
2026-01-02 09:58:51,102.48,469,48063
2026-01-02 09:58:52,102.48,514,52675
2026-01-02 09:58:53,102.48,495,50728
2026-01-02 09:58:54,100.84,456,45983
2026-01-02 09:58:55,102.48,461,47243
2026-01-02 09:58:56,102.48,497,50933
2026-01-02 09:58:57,102.48,495,50728
2026-01-02 09:58:58,102.48,496,50830
2026-01-02 09:58:59,102.48,469,48063
2026-01-02 09:59:00,102.48,466,47756
2026-01-02 09:59:01,102.48,490,50215
2026-01-02 09:59:02,102.48,477,48883
2026-01-02 09:59:03,102.48,437,44784
2026-01-02 09:59:04,102.48,490,50215
2026-01-02 09:59:05,102.48,456,46731
2026-01-02 09:59:06,102.48,510,52265
2026-01-02 09:59:07,101.38,513,52008
2026-01-02 09:59:08,102.48,482,49395
2026-01-02 09:59:09,102.04,480,48979
2026-01-02 09:59:10,99.76,458,45690
2026-01-02 09:59:11,98.65,453,44688
2026-01-02 09:59:12,97.31,462,44957
2026-01-02 09:59:13,101.31,478,48426
2026-01-02 09:59:14,102.48,453,46423
2026-01-02 09:59:15,102.48,457,46833
2026-01-02 09:59:16,102.48,481,49293
2026-01-02 09:59:17,102.48,453,46423
2026-01-02 09:59:18,101.84,464,47254
2026-01-02 09:59:19,101.92,475,48412
2026-01-02 09:59:20,100.87,436,43979
2026-01-02 09:59:21,102.48,444,45501
2026-01-02 09:59:22,102.48,455,46628
2026-01-02 09:59:23,102.48,457,46833
2026-01-02 09:59:24,102.48,472,48371
2026-01-02 09:59:25,102.48,466,47756
2026-01-02 09:59:26,102.48,479,49088
2026-01-02 09:59:27,102.48,507,51957
2026-01-02 09:59:28,102.48,496,50830
2026-01-02 09:59:29,102.48,489,50113
2026-01-02 09:59:30,102.48,475,48678
2026-01-02 09:59:31,102.48,473,48473
2026-01-02 09:59:32,102.48,508,52060
2026-01-02 09:59:33,102.48,448,45911
2026-01-02 09:59:34,102.48,474,48576
2026-01-02 09:59:35,102.48,478,48985
2026-01-02 09:59:36,102.48,477,48883
2026-01-02 09:59:37,102.48,506,51855
2026-01-02 09:59:38,102.48,440,45091
2026-01-02 09:59:39,102.48,484,49600
2026-01-02 09:59:40,102.48,511,52367
2026-01-02 09:59:41,102.48,506,51855
2026-01-02 09:59:42,102.48,518,53085
2026-01-02 09:59:43,102.48,488,50010
2026-01-02 09:59:44,102.48,507,51957
2026-01-02 09:59:45,102.48,455,46628
2026-01-02 09:59:46,102.48,442,45296
2026-01-02 09:59:47,102.48,461,47243
2026-01-02 09:59:48,102.48,508,52060
2026-01-02 09:59:49,102.48,453,46423
2026-01-02 09:59:50,102.48,486,49805
2026-01-02 09:59:51,102.48,446,45706
2026-01-02 09:59:52,102.48,440,45091
2026-01-02 09:59:53,102.48,457,46833
2026-01-02 09:59:54,102.48,487,49908
2026-01-02 09:59:55,102.48,498,51035
2026-01-02 09:59:56,102.48,450,46116
2026-01-02 09:59:57,102.48,475,48678
2026-01-02 09:59:58,102.48,494,50625
2026-01-02 09:59:59,102.48,481,49293
2026-01-02 10:00:00,102.48,496,50830
2026-01-02 10:00:01,102.48,434,44476
2026-01-02 10:00:02,102.48,460,47141
2026-01-02 10:00:03,102.48,484,49600
2026-01-02 10:00:04,102.48,460,47141
2026-01-02 10:00:05,102.48,467,47858
2026-01-02 10:00:06,102.48,495,50728
2026-01-02 10:00:07,102.48,481,49293
2026-01-02 10:00:08,102.48,501,51342
2026-01-02 10:00:09,102.48,461,47243
2026-01-02 10:00:10,102.48,488,50010
2026-01-02 10:00:11,102.48,429,43964
2026-01-02 10:00:12,102.48,449,46014
2026-01-02 10:00:13,102.48,487,49908
2026-01-02 10:00:14,102.48,479,49088
2026-01-02 10:00:15,102.48,447,45809
2026-01-02 10:00:16,102.48,496,50830
2026-01-02 10:00:17,102.48,493,50523
2026-01-02 10:00:18,102.48,437,44784
2026-01-02 10:00:19,102.48,466,47756
2026-01-02 10:00:20,102.48,481,49293
2026-01-02 10:00:21,102.48,475,48678
2026-01-02 10:00:22,102.48,469,48063
2026-01-02 10:00:23,102.48,479,49088
2026-01-02 10:00:24,102.48,455,46628
2026-01-02 10:00:25,102.48,487,49908
2026-01-02 10:00:26,102.48,448,45911
2026-01-02 10:00:27,102.48,466,47756
2026-01-02 10:00:28,102.48,427,43759
2026-01-02 10:00:29,102.48,487,49908
2026-01-02 10:00:30,102.48,480,49190
2026-01-02 10:00:31,102.48,494,50625
2026-01-02 10:00:32,102.48,426,43656
2026-01-02 10:00:33,102.48,463,47448
2026-01-02 10:00:34,102.48,483,49498
2026-01-02 10:00:35,102.48,473,48473
2026-01-02 10:00:36,102.48,473,48473
2026-01-02 10:00:37,102.48,493,50523
2026-01-02 10:00:38,102.48,512,52470
2026-01-02 10:00:39,102.48,512,52470
2026-01-02 10:00:40,102.48,466,47756
2026-01-02 10:00:41,102.48,489,50113
2026-01-02 10:00:42,102.48,437,44784
2026-01-02 10:00:43,102.48,471,48268
2026-01-02 10:00:44,102.48,495,50728
2026-01-02 10:00:45,102.48,458,46936
2026-01-02 10:00:46,102.48,456,46731
2026-01-02 10:00:47,102.48,453,46423
2026-01-02 10:00:48,102.48,475,48678
2026-01-02 10:00:49,102.48,483,49498
2026-01-02 10:00:50,102.48,442,45296
2026-01-02 10:00:51,102.48,433,44374
2026-01-02 10:00:52,102.48,481,49293
2026-01-02 10:00:53,102.48,462,47346
2026-01-02 10:00:54,102.48,472,48371
2026-01-02 10:00:55,102.48,487,49908
2026-01-02 10:00:56,102.48,463,47448
2026-01-02 10:00:57,102.48,472,48371
2026-01-02 10:00:58,102.48,507,51957
2026-01-02 10:00:59,102.48,459,47038
2026-01-02 10:01:00,102.48,482,49395
2026-01-02 10:01:01,102.48,451,46218
2026-01-02 10:01:02,102.48,499,51138
2026-01-02 10:01:03,102.48,469,48063
2026-01-02 10:01:04,102.48,414,42427
2026-01-02 10:01:05,102.48,484,49600
2026-01-02 10:01:06,102.48,476,48780
2026-01-02 10:01:07,102.48,451,46218
2026-01-02 10:01:08,102.48,439,44989
2026-01-02 10:01:09,102.48,465,47653
2026-01-02 10:01:10,102.48,470,48166
2026-01-02 10:01:11,102.48,458,46936
2026-01-02 10:01:12,102.48,458,46936
2026-01-02 10:01:13,102.48,450,46116
2026-01-02 10:01:14,102.48,456,46731
2026-01-02 10:01:15,102.48,448,45911
2026-01-02 10:01:16,102.48,497,50933
2026-01-02 10:01:17,102.48,477,48883
2026-01-02 10:01:18,102.48,472,48371
2026-01-02 10:01:19,102.48,448,45911
2026-01-02 10:01:20,102.48,510,52265
2026-01-02 10:01:21,102.48,443,45399
2026-01-02 10:01:22,102.48,497,50933
2026-01-02 10:01:23,102.48,455,46628
2026-01-02 10:01:24,102.48,475,48678
2026-01-02 10:01:25,102.48,449,46014
2026-01-02 10:01:26,102.48,440,45091
2026-01-02 10:01:27,102.48,462,47346
2026-01-02 10:01:28,102.48,473,48473
2026-01-02 10:01:29,102.48,454,46526
2026-01-02 10:01:30,102.48,469,48063
2026-01-02 10:01:31,102.48,423,43349
2026-01-02 10:01:32,102.48,469,48063
2026-01-02 10:01:33,102.48,477,48883
2026-01-02 10:01:34,102.48,459,47038
2026-01-02 10:01:35,102.48,466,47756
2026-01-02 10:01:36,102.48,509,52162
2026-01-02 10:01:37,102.48,488,50010
2026-01-02 10:01:38,102.48,480,49190
2026-01-02 10:01:39,102.48,467,47858
2026-01-02 10:01:40,102.48,429,43964
2026-01-02 10:01:41,102.48,479,49088
2026-01-02 10:01:42,102.48,474,48576
2026-01-02 10:01:43,102.48,505,51752
2026-01-02 10:01:44,102.48,449,46014
2026-01-02 10:01:45,102.48,466,47756
2026-01-02 10:01:46,102.48,447,45809
2026-01-02 10:01:47,102.48,481,49293
2026-01-02 10:01:48,102.48,439,44989
2026-01-02 10:01:49,102.48,460,47141
2026-01-02 10:01:50,102.48,439,44989
2026-01-02 10:01:51,102.48,457,46833
2026-01-02 10:01:52,102.48,453,46423
2026-01-02 10:01:53,102.48,465,47653
2026-01-02 10:01:54,102.48,489,50113
2026-01-02 10:01:55,102.48,455,46628
2026-01-02 10:01:56,102.48,456,46731
2026-01-02 10:01:57,102.48,484,49600
2026-01-02 10:01:58,102.48,452,46321
2026-01-02 10:01:59,102.48,484,49600
2026-01-02 10:02:00,102.48,471,48268
2026-01-02 10:02:01,102.48,478,48985
2026-01-02 10:02:02,102.48,466,47756
2026-01-02 10:02:03,102.48,464,47551
2026-01-02 10:02:04,102.48,501,51342
2026-01-02 10:02:05,102.48,473,48473
2026-01-02 10:02:06,102.48,441,45194
2026-01-02 10:02:07,102.48,426,43656
2026-01-02 10:02:08,102.48,443,45399
2026-01-02 10:02:09,102.48,467,47858
2026-01-02 10:02:10,102.48,465,47653
2026-01-02 10:02:11,102.48,499,51138
2026-01-02 10:02:12,102.48,487,49908
2026-01-02 10:02:13,102.48,486,49805
2026-01-02 10:02:14,102.48,457,46833
2026-01-02 10:02:15,102.48,469,48063
2026-01-02 10:02:16,102.48,435,44579
2026-01-02 10:02:17,102.48,447,45809
2026-01-02 10:02:18,102.48,492,50420
2026-01-02 10:02:19,102.48,432,44271
2026-01-02 10:02:20,102.48,451,46218
2026-01-02 10:02:21,102.48,444,45501
2026-01-02 10:02:22,102.48,464,47551
2026-01-02 10:02:23,102.48,446,45706
2026-01-02 10:02:24,102.48,415,42529
2026-01-02 10:02:25,102.48,460,47141
2026-01-02 10:02:26,102.48,482,49395
2026-01-02 10:02:27,102.48,470,48166
2026-01-02 10:02:28,102.48,461,47243
2026-01-02 10:02:29,102.48,435,44579
2026-01-02 10:02:30,102.48,434,44476
2026-01-02 10:02:31,102.48,479,49088
2026-01-02 10:02:32,102.48,484,49600
2026-01-02 10:02:33,102.48,454,46526
2026-01-02 10:02:34,102.48,447,45809
2026-01-02 10:02:35,102.48,451,46218
2026-01-02 10:02:36,102.48,434,44476
2026-01-02 10:02:37,102.48,437,44784
2026-01-02 10:02:38,102.48,429,43964
2026-01-02 10:02:39,102.48,484,49600
2026-01-02 10:02:40,102.48,482,49395
2026-01-02 10:02:41,102.48,464,47551
2026-01-02 10:02:42,102.48,477,48883
2026-01-02 10:02:43,102.48,480,49190
2026-01-02 10:02:44,102.48,447,45809
2026-01-02 10:02:45,102.48,484,49600
2026-01-02 10:02:46,102.48,450,46116
2026-01-02 10:02:47,102.48,472,48371
2026-01-02 10:02:48,102.48,459,47038
2026-01-02 10:02:49,102.48,464,47551
2026-01-02 10:02:50,102.48,475,48678
2026-01-02 10:02:51,102.48,437,44784
2026-01-02 10:02:52,102.48,466,47756
2026-01-02 10:02:53,102.48,496,50830
2026-01-02 10:02:54,102.48,454,46526
2026-01-02 10:02:55,102.48,413,42324
2026-01-02 10:02:56,102.48,426,43656
2026-01-02 10:02:57,102.48,456,46731
2026-01-02 10:02:58,102.48,476,48780
2026-01-02 10:02:59,102.48,441,45194
2026-01-02 10:03:00,102.48,441,45194
2026-01-02 10:03:01,102.48,422,43247
2026-01-02 10:03:02,102.48,486,49805
2026-01-02 10:03:03,102.48,477,48883
2026-01-02 10:03:04,102.48,461,47243
2026-01-02 10:03:05,102.48,429,43964
2026-01-02 10:03:06,102.48,474,48576
2026-01-02 10:03:07,102.48,493,50523
2026-01-02 10:03:08,102.48,474,48576
2026-01-02 10:03:09,102.48,479,49088
2026-01-02 10:03:10,102.48,493,50523
2026-01-02 10:03:11,102.48,454,46526
2026-01-02 10:03:12,102.48,444,45501
2026-01-02 10:03:13,102.48,487,49908
2026-01-02 10:03:14,102.48,443,45399
2026-01-02 10:03:15,102.48,430,44066
2026-01-02 10:03:16,102.48,476,48780
2026-01-02 10:03:17,102.48,499,51138
2026-01-02 10:03:18,102.48,414,42427
2026-01-02 10:03:19,102.48,430,44066
2026-01-02 10:03:20,102.48,482,49395
2026-01-02 10:03:21,102.48,441,45194
2026-01-02 10:03:22,102.48,470,48166
2026-01-02 10:03:23,102.48,460,47141
2026-01-02 10:03:24,102.48,432,44271
2026-01-02 10:03:25,102.48,444,45501
2026-01-02 10:03:26,102.48,477,48883
2026-01-02 10:03:27,102.48,445,45604
2026-01-02 10:03:28,102.48,465,47653
2026-01-02 10:03:29,102.48,479,49088
2026-01-02 10:03:30,102.48,470,48166
2026-01-02 10:03:31,102.48,454,46526
2026-01-02 10:03:32,102.48,479,49088
2026-01-02 10:03:33,102.48,461,47243
2026-01-02 10:03:34,102.48,448,45911
2026-01-02 10:03:35,102.48,482,49395
2026-01-02 10:03:36,102.48,458,46936
2026-01-02 10:03:37,102.48,428,43861
2026-01-02 10:03:38,102.48,462,47346
2026-01-02 10:03:39,102.15,407,41575
2026-01-02 10:03:40,102.48,430,44066
2026-01-02 10:03:41,102.48,485,49703
2026-01-02 10:03:42,102.48,434,44476
2026-01-02 10:03:43,102.48,465,47653
2026-01-02 10:03:44,102.48,419,42939
2026-01-02 10:03:45,102.48,476,48780
2026-01-02 10:03:46,102.48,454,46526
2026-01-02 10:03:47,102.48,437,44784
2026-01-02 10:03:48,102.48,492,50420
2026-01-02 10:03:49,102.48,446,45706
2026-01-02 10:03:50,102.48,462,47346
2026-01-02 10:03:51,102.48,470,48166
2026-01-02 10:03:52,102.48,498,51035
2026-01-02 10:03:53,102.48,430,44066
2026-01-02 10:03:54,102.48,454,46526
2026-01-02 10:03:55,102.48,445,45604
2026-01-02 10:03:56,102.48,436,44681
2026-01-02 10:03:57,102.48,473,48473
2026-01-02 10:03:58,102.48,424,43452
2026-01-02 10:03:59,102.48,426,43656
2026-01-02 10:04:00,102.48,454,46526
2026-01-02 10:04:01,102.48,430,44066
2026-01-02 10:04:02,102.48,443,45399
2026-01-02 10:04:03,102.48,471,48268
2026-01-02 10:04:04,102.48,496,50830
2026-01-02 10:04:05,102.48,471,48268
2026-01-02 10:04:06,102.48,467,47858
2026-01-02 10:04:07,102.48,461,47243
2026-01-02 10:04:08,102.48,455,46628
2026-01-02 10:04:09,102.48,420,43042
2026-01-02 10:04:10,102.48,420,43042
2026-01-02 10:04:11,102.48,468,47961
2026-01-02 10:04:12,102.48,469,48063
2026-01-02 10:04:13,102.48,458,46936
2026-01-02 10:04:14,101.76,446,45385
2026-01-02 10:04:15,101.05,449,45371
2026-01-02 10:04:16,102.32,434,44407
2026-01-02 10:04:17,102.11,476,48604
2026-01-02 10:04:18,101.66,462,46967
2026-01-02 10:04:19,102.48,431,44169
2026-01-02 10:04:20,101.72,440,44757
2026-01-02 10:04:21,101.21,445,45038
2026-01-02 10:04:22,100.89,490,49436
2026-01-02 10:04:23,100.21,431,43191
2026-01-02 10:04:24,98.24,462,45387
2026-01-02 10:04:25,99.88,428,42749
2026-01-02 10:04:26,100.35,480,48168
2026-01-02 10:04:27,99.61,427,42533
2026-01-02 10:04:28,99.46,438,43563
2026-01-02 10:04:29,98.07,448,43935
2026-01-02 10:04:30,97.90,458,44838
2026-01-02 10:04:31,98.00,424,41552
2026-01-02 10:04:32,98.57,458,45145
2026-01-02 10:04:33,99.78,453,45200
2026-01-02 10:04:34,100.80,423,42638
2026-01-02 10:04:35,100.95,467,47144
2026-01-02 10:04:36,102.48,424,43452
2026-01-02 10:04:37,102.48,470,48166
2026-01-02 10:04:38,101.16,470,47545
2026-01-02 10:04:39,100.11,480,48053
2026-01-02 10:04:40,98.63,488,48131
2026-01-02 10:04:41,97.32,459,44670
2026-01-02 10:04:42,96.23,409,39358
2026-01-02 10:04:43,98.85,432,42703
2026-01-02 10:04:44,99.46,480,47741
2026-01-02 10:04:45,99.20,413,40970
2026-01-02 10:04:46,100.94,453,45726
2026-01-02 10:04:47,98.44,430,42329
2026-01-02 10:04:48,97.67,471,46003
2026-01-02 10:04:49,95.17,479,45586
2026-01-02 10:04:50,93.80,445,41741
2026-01-02 10:04:51,94.04,450,42318
2026-01-02 10:04:52,94.71,468,44324
2026-01-02 10:04:53,94.25,418,39396
2026-01-02 10:04:54,93.57,460,43042
2026-01-02 10:04:55,93.57,438,40984
2026-01-02 10:04:56,93.57,461,43136
2026-01-02 10:04:57,93.57,463,43323
2026-01-02 10:04:58,94.10,446,41969
2026-01-02 10:04:59,94.60,453,42854
2026-01-02 10:05:00,93.93,436,40953
2026-01-02 10:05:01,94.81,421,39915
2026-01-02 10:05:02,94.50,474,44793
2026-01-02 10:05:03,95.68,465,44491
2026-01-02 10:05:04,96.41,447,43095
2026-01-02 10:05:05,93.92,464,43579
2026-01-02 10:05:06,93.57,442,41358
2026-01-02 10:05:07,96.76,465,44993
2026-01-02 10:05:08,96.14,439,42205
2026-01-02 10:05:09,95.57,465,44440
2026-01-02 10:05:10,93.57,474,44352
2026-01-02 10:05:11,94.88,411,38996
2026-01-02 10:05:12,93.57,436,40797
2026-01-02 10:05:13,93.57,434,40609
2026-01-02 10:05:14,93.57,458,42855
2026-01-02 10:05:15,93.57,458,42855
2026-01-02 10:05:16,93.57,434,40609
2026-01-02 10:05:17,93.57,473,44259
2026-01-02 10:05:18,93.57,424,39674
2026-01-02 10:05:19,95.47,475,45348
2026-01-02 10:05:20,93.94,425,39924
2026-01-02 10:05:21,93.57,420,39299
2026-01-02 10:05:22,93.57,490,45849
2026-01-02 10:05:23,93.57,468,43791
2026-01-02 10:05:24,93.57,418,39112
2026-01-02 10:05:25,94.69,405,38349
2026-01-02 10:05:26,93.90,452,42443
2026-01-02 10:05:27,94.39,430,40588
2026-01-02 10:05:28,93.94,452,42461
2026-01-02 10:05:29,94.51,404,38182
2026-01-02 10:05:30,93.57,416,38925
2026-01-02 10:05:31,93.57,443,41452
2026-01-02 10:05:32,93.57,443,41452
2026-01-02 10:05:33,95.25,453,43148
2026-01-02 10:05:34,94.00,458,43052
2026-01-02 10:05:35,94.38,453,42754
2026-01-02 10:05:36,93.57,449,42013
2026-01-02 10:05:37,93.91,428,40193
2026-01-02 10:05:38,93.57,468,43791
2026-01-02 10:05:39,93.57,455,42574
2026-01-02 10:05:40,93.57,443,41452
2026-01-02 10:05:41,93.57,434,40609
2026-01-02 10:05:42,93.57,465,43510
2026-01-02 10:05:43,93.57,437,40890
2026-01-02 10:05:44,93.57,456,42668
2026-01-02 10:05:45,93.57,436,40797
2026-01-02 10:05:46,93.57,456,42668
2026-01-02 10:05:47,93.57,443,41452
2026-01-02 10:05:48,93.71,455,42638
2026-01-02 10:05:49,94.28,434,40918
2026-01-02 10:05:50,93.57,458,42855
2026-01-02 10:05:51,93.57,437,40890
2026-01-02 10:05:52,93.57,422,39487
2026-01-02 10:05:53,93.57,484,45288
2026-01-02 10:05:54,93.57,476,44539
2026-01-02 10:05:55,93.57,463,43323
2026-01-02 10:05:56,93.57,451,42200
2026-01-02 10:05:57,93.57,440,41171
2026-01-02 10:05:58,93.57,413,38644
2026-01-02 10:05:59,93.91,459,43105
2026-01-02 10:06:00,93.57,410,38364
2026-01-02 10:06:01,94.57,464,43880
2026-01-02 10:06:02,94.19,413,38900
2026-01-02 10:06:03,94.75,457,43301
2026-01-02 10:06:04,95.12,453,43089
2026-01-02 10:06:05,96.41,438,42228
2026-01-02 10:06:06,95.68,419,40090
2026-01-02 10:06:07,96.36,444,42784
2026-01-02 10:06:08,96.04,448,43026
2026-01-02 10:06:09,98.26,477,46870
2026-01-02 10:06:10,99.14,430,42630
2026-01-02 10:06:11,98.31,464,45616
2026-01-02 10:06:12,96.50,430,41495
2026-01-02 10:06:13,96.15,429,41248
2026-01-02 10:06:14,96.54,463,44698
2026-01-02 10:06:15,95.77,427,40894
2026-01-02 10:06:16,94.40,446,42102
2026-01-02 10:06:17,93.57,444,41545
2026-01-02 10:06:18,93.57,465,43510
2026-01-02 10:06:19,95.17,473,45015
2026-01-02 10:06:20,93.57,418,39112
2026-01-02 10:06:21,96.50,430,41495
2026-01-02 10:06:22,95.73,409,39154
2026-01-02 10:06:23,97.22,404,39277
2026-01-02 10:06:24,97.65,461,45017
2026-01-02 10:06:25,97.06,436,42318
2026-01-02 10:06:26,96.81,474,45888
2026-01-02 10:06:27,96.01,451,43301
2026-01-02 10:06:28,96.07,433,41598
2026-01-02 10:06:29,95.90,493,47279
2026-01-02 10:06:30,95.08,439,41740
2026-01-02 10:06:31,97.74,492,48088
2026-01-02 10:06:32,96.68,433,41862
2026-01-02 10:06:33,97.44,432,42094
2026-01-02 10:06:34,98.73,457,45120
2026-01-02 10:06:35,100.33,446,44747
2026-01-02 10:06:36,98.50,437,43044
2026-01-02 10:06:37,98.96,457,45225
2026-01-02 10:06:38,99.92,455,45464
2026-01-02 10:06:39,99.13,477,47285
2026-01-02 10:06:40,99.01,435,43069
2026-01-02 10:06:41,95.70,427,40864
2026-01-02 10:06:42,95.07,454,43162
2026-01-02 10:06:43,95.04,431,40962
2026-01-02 10:06:44,97.03,441,42790
2026-01-02 10:06:45,96.74,448,43340
2026-01-02 10:06:46,98.37,439,43184
2026-01-02 10:06:47,97.69,437,42691
2026-01-02 10:06:48,98.32,474,46604
2026-01-02 10:06:49,98.42,422,41533
2026-01-02 10:06:50,98.75,423,41771
2026-01-02 10:06:51,100.38,459,46074
2026-01-02 10:06:52,102.00,416,42432
2026-01-02 10:06:53,101.60,453,46025
2026-01-02 10:06:54,101.93,444,45257
2026-01-02 10:06:55,102.48,424,43452
2026-01-02 10:06:56,102.48,458,46936
2026-01-02 10:06:57,102.48,431,44169
2026-01-02 10:06:58,102.48,412,42222
2026-01-02 10:06:59,102.48,459,47038
2026-01-02 10:07:00,102.48,428,43861
2026-01-02 10:07:01,102.48,459,47038
2026-01-02 10:07:02,102.48,427,43759
2026-01-02 10:07:03,102.48,441,45194
2026-01-02 10:07:04,102.48,435,44579
2026-01-02 10:07:05,102.48,410,42017
2026-01-02 10:07:06,102.48,460,47141
2026-01-02 10:07:07,102.48,437,44784
2026-01-02 10:07:08,102.48,420,43042
2026-01-02 10:07:09,102.48,449,46014
2026-01-02 10:07:10,101.46,395,40077
2026-01-02 10:07:11,100.99,386,38982
2026-01-02 10:07:12,101.50,483,49024
2026-01-02 10:07:13,99.90,439,43856
2026-01-02 10:07:14,98.06,448,43931
2026-01-02 10:07:15,96.60,462,44629
2026-01-02 10:07:16,95.38,431,41109
2026-01-02 10:07:17,95.09,402,38226
2026-01-02 10:07:18,97.23,469,45601
2026-01-02 10:07:19,95.42,444,42366
2026-01-02 10:07:20,95.92,449,43068
2026-01-02 10:07:21,97.03,416,40364
2026-01-02 10:07:22,96.90,418,40504
2026-01-02 10:07:23,96.40,444,42802
2026-01-02 10:07:24,96.82,439,42504
2026-01-02 10:07:25,96.89,431,41760
2026-01-02 10:07:26,95.83,419,40153
2026-01-02 10:07:27,96.24,439,42249
2026-01-02 10:07:28,97.24,428,41619
2026-01-02 10:07:29,97.19,434,42180
2026-01-02 10:07:30,97.56,419,40878
2026-01-02 10:07:31,97.75,454,44378
2026-01-02 10:07:32,97.13,460,44680
2026-01-02 10:07:33,97.67,447,43658
2026-01-02 10:07:34,97.40,442,43051
2026-01-02 10:07:35,97.76,448,43796
2026-01-02 10:07:36,98.12,434,42584
2026-01-02 10:07:37,99.49,457,45467
2026-01-02 10:07:38,100.11,424,42447
2026-01-02 10:07:39,99.71,443,44172
2026-01-02 10:07:40,99.92,462,46163
2026-01-02 10:07:41,100.87,429,43273
2026-01-02 10:07:42,100.40,479,48092
2026-01-02 10:07:43,100.75,468,47151
2026-01-02 10:07:44,101.03,431,43544
2026-01-02 10:07:45,99.98,455,45491
2026-01-02 10:07:46,98.38,420,41320
2026-01-02 10:07:47,99.05,471,46653
2026-01-02 10:07:48,96.92,431,41773
2026-01-02 10:07:49,97.07,480,46594
2026-01-02 10:07:50,97.96,463,45355
2026-01-02 10:07:51,97.89,413,40429
2026-01-02 10:07:52,96.41,464,44734
2026-01-02 10:07:53,95.58,406,38805
2026-01-02 10:07:54,94.89,449,42606
2026-01-02 10:07:55,95.40,420,40068
2026-01-02 10:07:56,95.75,428,40981
2026-01-02 10:07:57,95.02,460,43709
2026-01-02 10:07:58,96.19,440,42324
2026-01-02 10:07:59,94.51,414,39127
2026-01-02 10:08:00,95.36,432,41196
2026-01-02 10:08:01,94.98,441,41886
2026-01-02 10:08:02,93.57,453,42387
2026-01-02 10:08:03,93.57,417,39019
2026-01-02 10:08:04,93.57,479,44820
2026-01-02 10:08:05,93.57,450,42106
2026-01-02 10:08:06,93.57,411,38457
2026-01-02 10:08:07,93.57,453,42387
2026-01-02 10:08:08,93.57,439,41077
2026-01-02 10:08:09,93.57,412,38551
2026-01-02 10:08:10,93.57,426,39861
2026-01-02 10:08:11,93.57,429,40142
2026-01-02 10:08:12,93.57,441,41264
2026-01-02 10:08:13,94.52,464,43857
2026-01-02 10:08:14,93.57,423,39580
2026-01-02 10:08:15,93.57,433,40516
2026-01-02 10:08:16,93.57,464,43416
2026-01-02 10:08:17,93.57,466,43604
2026-01-02 10:08:18,93.57,435,40703
2026-01-02 10:08:19,93.57,436,40797
2026-01-02 10:08:20,93.57,455,42574
2026-01-02 10:08:21,93.57,436,40797
2026-01-02 10:08:22,93.57,420,39299
2026-01-02 10:08:23,94.12,419,39436
2026-01-02 10:08:24,93.57,418,39112
2026-01-02 10:08:25,93.86,432,40548
2026-01-02 10:08:26,94.12,416,39154
2026-01-02 10:08:27,94.43,432,40794
2026-01-02 10:08:28,93.57,422,39487
2026-01-02 10:08:29,94.83,418,39639
2026-01-02 10:08:30,93.57,398,37241
2026-01-02 10:08:31,93.57,431,40329
2026-01-02 10:08:32,93.57,428,40048
2026-01-02 10:08:33,93.57,449,42013
2026-01-02 10:08:34,93.57,435,40703
2026-01-02 10:08:35,93.57,420,39299
2026-01-02 10:08:36,94.76,439,41600
2026-01-02 10:08:37,93.57,448,41919
2026-01-02 10:08:38,93.57,445,41639
2026-01-02 10:08:39,93.62,466,43627
2026-01-02 10:08:40,93.57,470,43978
2026-01-02 10:08:41,93.57,385,36024
2026-01-02 10:08:42,93.57,459,42949
2026-01-02 10:08:43,93.57,448,41919
2026-01-02 10:08:44,94.40,396,37382
2026-01-02 10:08:45,96.00,415,39840
2026-01-02 10:08:46,94.42,394,37201
2026-01-02 10:08:47,93.57,424,39674
2026-01-02 10:08:48,93.57,429,40142
2026-01-02 10:08:49,93.57,404,37802
2026-01-02 10:08:50,93.57,449,42013
2026-01-02 10:08:51,93.57,433,40516
2026-01-02 10:08:52,93.57,386,36118
2026-01-02 10:08:53,93.57,384,35931
2026-01-02 10:08:54,93.57,433,40516
2026-01-02 10:08:55,93.57,444,41545
2026-01-02 10:08:56,93.57,419,39206
2026-01-02 10:08:57,93.57,451,42200
2026-01-02 10:08:58,93.57,425,39767
2026-01-02 10:08:59,93.57,406,37989
2026-01-02 10:09:00,93.57,430,40235
2026-01-02 10:09:01,93.57,435,40703
2026-01-02 10:09:02,93.57,436,40797
2026-01-02 10:09:03,93.57,432,40422
2026-01-02 10:09:04,93.57,462,43229
2026-01-02 10:09:05,93.57,434,40609
2026-01-02 10:09:06,93.57,454,42481
2026-01-02 10:09:07,93.57,418,39112
2026-01-02 10:09:08,93.57,408,38177
2026-01-02 10:09:09,93.57,439,41077
2026-01-02 10:09:10,93.57,414,38738
2026-01-02 10:09:11,93.86,456,42800
2026-01-02 10:09:12,95.13,431,41001
2026-01-02 10:09:13,95.58,431,41195
2026-01-02 10:09:14,97.68,442,43175
2026-01-02 10:09:15,98.46,398,39187
2026-01-02 10:09:16,98.15,453,44462
2026-01-02 10:09:17,99.93,466,46567
2026-01-02 10:09:18,100.01,412,41204
2026-01-02 10:09:19,99.07,445,44086
2026-01-02 10:09:20,100.03,424,42413
2026-01-02 10:09:21,100.96,383,38668
2026-01-02 10:09:22,101.87,434,44212
2026-01-02 10:09:23,101.24,459,46469
2026-01-02 10:09:24,100.90,441,44497
2026-01-02 10:09:25,100.38,441,44268
2026-01-02 10:09:26,101.56,458,46514
2026-01-02 10:09:27,101.53,442,44876
2026-01-02 10:09:28,102.48,439,44989
2026-01-02 10:09:29,102.48,438,44886
2026-01-02 10:09:30,102.48,438,44886
2026-01-02 10:09:31,102.48,414,42427
2026-01-02 10:09:32,102.48,430,44066
2026-01-02 10:09:33,102.48,408,41812
2026-01-02 10:09:34,102.48,448,45911
2026-01-02 10:09:35,102.48,466,47756
2026-01-02 10:09:36,102.48,448,45911
2026-01-02 10:09:37,102.48,429,43964
2026-01-02 10:09:38,102.48,446,45706
2026-01-02 10:09:39,102.48,432,44271
2026-01-02 10:09:40,102.48,415,42529
2026-01-02 10:09:41,102.48,446,45706
2026-01-02 10:09:42,102.48,401,41094
2026-01-02 10:09:43,102.48,412,42222
2026-01-02 10:09:44,102.48,429,43964
2026-01-02 10:09:45,102.48,430,44066
2026-01-02 10:09:46,100.14,418,41859
2026-01-02 10:09:47,100.00,412,41200
2026-01-02 10:09:48,100.14,407,40757
2026-01-02 10:09:49,96.49,440,42456
2026-01-02 10:09:50,95.64,422,40360
2026-01-02 10:09:51,97.58,463,45180
2026-01-02 10:09:52,97.10,429,41656
2026-01-02 10:09:53,96.12,448,43062
2026-01-02 10:09:54,97.86,438,42863
2026-01-02 10:09:55,97.36,453,44104
2026-01-02 10:09:56,98.82,453,44765
2026-01-02 10:09:57,100.54,392,39412
2026-01-02 10:09:58,99.01,420,41584
2026-01-02 10:09:59,99.04,415,41102
2026-01-02 10:10:00,97.08,407,39512
2026-01-02 10:10:01,98.67,440,43415
2026-01-02 10:10:02,100.42,437,43884
2026-01-02 10:10:03,97.92,434,42497
2026-01-02 10:10:04,97.36,435,42352
2026-01-02 10:10:05,97.25,389,37830
2026-01-02 10:10:06,100.82,364,36698
2026-01-02 10:10:07,102.48,424,43452
2026-01-02 10:10:08,102.48,423,43349
2026-01-02 10:10:09,102.48,453,46423
2026-01-02 10:10:10,102.48,423,43349
2026-01-02 10:10:11,102.48,410,42017
2026-01-02 10:10:12,102.48,424,43452
2026-01-02 10:10:13,102.48,401,41094
2026-01-02 10:10:14,102.48,430,44066
2026-01-02 10:10:15,102.48,460,47141
2026-01-02 10:10:16,102.48,436,44681
2026-01-02 10:10:17,102.48,427,43759
2026-01-02 10:10:18,102.48,453,46423
2026-01-02 10:10:19,102.48,441,45194
2026-01-02 10:10:20,102.48,407,41709
2026-01-02 10:10:21,102.48,473,48473
2026-01-02 10:10:22,102.48,441,45194
2026-01-02 10:10:23,102.48,404,41402
2026-01-02 10:10:24,102.48,437,44784
2026-01-02 10:10:25,102.48,397,40685
2026-01-02 10:10:26,102.48,452,46321
2026-01-02 10:10:27,102.48,424,43452
2026-01-02 10:10:28,102.48,454,46526
2026-01-02 10:10:29,102.48,438,44886
2026-01-02 10:10:30,102.48,445,45604
2026-01-02 10:10:31,102.48,431,44169
2026-01-02 10:10:32,102.48,410,42017
2026-01-02 10:10:33,102.48,432,44271
2026-01-02 10:10:34,102.48,434,44476
2026-01-02 10:10:35,102.48,432,44271
2026-01-02 10:10:36,102.48,429,43964
2026-01-02 10:10:37,101.56,436,44280
2026-01-02 10:10:38,101.89,403,41062
2026-01-02 10:10:39,99.63,460,45830
2026-01-02 10:10:40,100.61,443,44570
2026-01-02 10:10:41,100.06,431,43126
2026-01-02 10:10:42,102.23,430,43959
2026-01-02 10:10:43,102.48,454,46526
2026-01-02 10:10:44,102.48,405,41504
2026-01-02 10:10:45,102.48,409,41914
2026-01-02 10:10:46,102.48,423,43349
2026-01-02 10:10:47,102.48,430,44066
2026-01-02 10:10:48,102.48,403,41299
2026-01-02 10:10:49,102.48,443,45399
2026-01-02 10:10:50,102.48,448,45911
2026-01-02 10:10:51,102.48,442,45296
2026-01-02 10:10:52,102.48,458,46936
2026-01-02 10:10:53,102.48,452,46321
2026-01-02 10:10:54,102.48,409,41914
2026-01-02 10:10:55,102.48,438,44886
2026-01-02 10:10:56,102.48,405,41504
2026-01-02 10:10:57,102.48,438,44886
2026-01-02 10:10:58,102.48,417,42734
2026-01-02 10:10:59,102.48,416,42632
2026-01-02 10:11:00,102.48,417,42734
2026-01-02 10:11:01,102.48,424,43452
2026-01-02 10:11:02,102.04,400,40816
2026-01-02 10:11:03,101.10,419,42361
2026-01-02 10:11:04,100.44,408,40980
2026-01-02 10:11:05,101.99,394,40184
2026-01-02 10:11:06,101.44,442,44836
2026-01-02 10:11:07,101.92,426,43418
2026-01-02 10:11:08,100.96,449,45331
2026-01-02 10:11:09,99.24,419,41582
2026-01-02 10:11:10,98.45,442,43515
2026-01-02 10:11:11,96.98,413,40053
2026-01-02 10:11:12,99.81,440,43916
2026-01-02 10:11:13,102.00,391,39882
2026-01-02 10:11:14,102.48,456,46731
2026-01-02 10:11:15,102.48,473,48473
2026-01-02 10:11:16,102.48,445,45604
2026-01-02 10:11:17,102.48,419,42939
2026-01-02 10:11:18,102.48,423,43349
2026-01-02 10:11:19,102.48,398,40787
2026-01-02 10:11:20,102.48,417,42734
2026-01-02 10:11:21,102.48,435,44579
2026-01-02 10:11:22,102.48,405,41504
2026-01-02 10:11:23,102.48,419,42939
2026-01-02 10:11:24,102.48,439,44989
2026-01-02 10:11:25,102.48,434,44476
2026-01-02 10:11:26,102.48,448,45911
2026-01-02 10:11:27,102.48,463,47448
2026-01-02 10:11:28,102.48,436,44681
2026-01-02 10:11:29,102.48,402,41197
2026-01-02 10:11:30,102.48,448,45911
2026-01-02 10:11:31,99.50,401,39900
2026-01-02 10:11:32,100.35,421,42247
2026-01-02 10:11:33,101.08,439,44374
2026-01-02 10:11:34,100.50,397,39898
2026-01-02 10:11:35,102.48,453,46423
2026-01-02 10:11:36,102.48,425,43554
2026-01-02 10:11:37,102.48,434,44476
2026-01-02 10:11:38,102.09,422,43082
2026-01-02 10:11:39,100.50,413,41506
2026-01-02 10:11:40,98.84,416,41117
2026-01-02 10:11:41,101.24,391,39585
2026-01-02 10:11:42,102.48,394,40377
2026-01-02 10:11:43,101.90,418,42594
2026-01-02 10:11:44,102.48,430,44066
2026-01-02 10:11:45,100.55,440,44242
2026-01-02 10:11:46,100.98,429,43320
2026-01-02 10:11:47,100.36,408,40947
2026-01-02 10:11:48,99.55,416,41413
2026-01-02 10:11:49,99.55,422,42010
2026-01-02 10:11:50,100.54,415,41724
2026-01-02 10:11:51,102.48,412,42222
2026-01-02 10:11:52,102.48,416,42632
2026-01-02 10:11:53,102.12,414,42278
2026-01-02 10:11:54,102.48,446,45706
2026-01-02 10:11:55,102.48,406,41607
2026-01-02 10:11:56,102.48,414,42427
2026-01-02 10:11:57,102.39,418,42799
2026-01-02 10:11:58,101.78,434,44173
2026-01-02 10:11:59,99.85,410,40938
2026-01-02 10:12:00,98.57,413,40709
2026-01-02 10:12:01,98.95,418,41361
2026-01-02 10:12:02,98.39,381,37487
2026-01-02 10:12:03,96.27,393,37834
2026-01-02 10:12:04,96.29,412,39671
2026-01-02 10:12:05,97.00,424,41128
2026-01-02 10:12:06,96.73,400,38692
2026-01-02 10:12:07,96.59,441,42596
2026-01-02 10:12:08,97.12,416,40402
2026-01-02 10:12:09,95.99,404,38780
2026-01-02 10:12:10,97.19,477,46360
2026-01-02 10:12:11,94.65,398,37671
2026-01-02 10:12:12,93.75,407,38156
2026-01-02 10:12:13,93.57,416,38925
2026-01-02 10:12:14,93.57,421,39393
2026-01-02 10:12:15,93.57,440,41171
2026-01-02 10:12:16,93.57,420,39299
2026-01-02 10:12:17,94.28,455,42897
2026-01-02 10:12:18,94.30,433,40832
2026-01-02 10:12:19,94.89,445,42226
2026-01-02 10:12:20,94.68,421,39860
2026-01-02 10:12:21,94.92,406,38538
2026-01-02 10:12:22,94.98,403,38277
2026-01-02 10:12:23,94.69,401,37971
2026-01-02 10:12:24,93.57,433,40516
2026-01-02 10:12:25,93.57,420,39299
2026-01-02 10:12:26,93.57,371,34714
2026-01-02 10:12:27,94.55,417,39427
2026-01-02 10:12:28,95.50,429,40970
2026-01-02 10:12:29,95.77,370,35435
2026-01-02 10:12:30,97.17,410,39840
2026-01-02 10:12:31,96.60,432,41731
2026-01-02 10:12:32,96.65,402,38853
2026-01-02 10:12:33,97.01,444,43072
2026-01-02 10:12:34,97.00,445,43165
2026-01-02 10:12:35,98.93,427,42243
2026-01-02 10:12:36,98.12,441,43271
2026-01-02 10:12:37,99.41,433,43045
2026-01-02 10:12:38,100.75,416,41912
2026-01-02 10:12:39,99.79,399,39816
2026-01-02 10:12:40,99.80,406,40519
2026-01-02 10:12:41,100.52,397,39906
2026-01-02 10:12:42,101.67,378,38431
2026-01-02 10:12:43,102.48,413,42324
2026-01-02 10:12:44,102.48,419,42939
2026-01-02 10:12:45,102.48,405,41504
2026-01-02 10:12:46,102.48,423,43349
2026-01-02 10:12:47,102.48,401,41094
2026-01-02 10:12:48,102.48,411,42119
2026-01-02 10:12:49,102.48,404,41402
2026-01-02 10:12:50,102.48,442,45296
2026-01-02 10:12:51,102.48,394,40377
2026-01-02 10:12:52,102.48,426,43656
2026-01-02 10:12:53,102.48,422,43247
2026-01-02 10:12:54,102.48,442,45296
2026-01-02 10:12:55,102.48,409,41914
2026-01-02 10:12:56,102.48,448,45911
2026-01-02 10:12:57,102.48,424,43452
2026-01-02 10:12:58,102.48,472,48371
2026-01-02 10:12:59,102.48,387,39660
2026-01-02 10:13:00,102.48,404,41402
2026-01-02 10:13:01,102.48,423,43349
2026-01-02 10:13:02,102.48,425,43554
2026-01-02 10:13:03,102.48,424,43452
2026-01-02 10:13:04,102.48,431,44169
2026-01-02 10:13:05,102.48,406,41607
2026-01-02 10:13:06,102.48,423,43349
2026-01-02 10:13:07,102.48,399,40890
2026-01-02 10:13:08,102.48,374,38328
2026-01-02 10:13:09,102.48,457,46833
2026-01-02 10:13:10,102.48,373,38225
2026-01-02 10:13:11,102.48,382,39147
2026-01-02 10:13:12,102.48,430,44066
2026-01-02 10:13:13,102.48,390,39967
2026-01-02 10:13:14,102.48,427,43759
2026-01-02 10:13:15,102.48,406,41607
2026-01-02 10:13:16,102.48,406,41607
2026-01-02 10:13:17,102.48,438,44886
2026-01-02 10:13:18,102.48,405,41504
2026-01-02 10:13:19,102.48,358,36688
2026-01-02 10:13:20,102.48,458,46936
2026-01-02 10:13:21,102.48,375,38430
2026-01-02 10:13:22,102.48,376,38532
2026-01-02 10:13:23,102.48,416,42632
2026-01-02 10:13:24,102.48,400,40992
2026-01-02 10:13:25,101.96,399,40682
2026-01-02 10:13:26,102.48,412,42222
2026-01-02 10:13:27,102.48,427,43759
2026-01-02 10:13:28,102.48,404,41402
2026-01-02 10:13:29,102.48,467,47858
2026-01-02 10:13:30,102.48,386,39557
2026-01-02 10:13:31,102.48,386,39557
2026-01-02 10:13:32,102.48,379,38840
2026-01-02 10:13:33,102.48,413,42324
2026-01-02 10:13:34,102.48,438,44886
2026-01-02 10:13:35,102.48,408,41812
2026-01-02 10:13:36,102.48,410,42017
2026-01-02 10:13:37,100.87,441,44484
2026-01-02 10:13:38,100.83,409,41239
2026-01-02 10:13:39,99.11,418,41428
2026-01-02 10:13:40,98.51,421,41473
2026-01-02 10:13:41,97.98,387,37918
2026-01-02 10:13:42,97.65,381,37205
2026-01-02 10:13:43,101.03,401,40513
2026-01-02 10:13:44,102.48,419,42939
2026-01-02 10:13:45,102.48,465,47653
2026-01-02 10:13:46,102.48,382,39147
2026-01-02 10:13:47,102.48,413,42324
2026-01-02 10:13:48,102.48,363,37200
2026-01-02 10:13:49,102.48,433,44374
2026-01-02 10:13:50,102.48,401,41094
2026-01-02 10:13:51,102.48,375,38430
2026-01-02 10:13:52,102.48,388,39762
2026-01-02 10:13:53,102.48,408,41812
2026-01-02 10:13:54,102.48,411,42119
2026-01-02 10:13:55,101.66,378,38427
2026-01-02 10:13:56,99.19,395,39180
2026-01-02 10:13:57,100.27,410,41111
2026-01-02 10:13:58,102.47,406,41603
2026-01-02 10:13:59,101.13,408,41261
2026-01-02 10:14:00,102.48,408,41812
2026-01-02 10:14:01,100.71,383,38572
2026-01-02 10:14:02,98.81,393,38832
2026-01-02 10:14:03,97.53,401,39110
2026-01-02 10:14:04,95.98,412,39544
2026-01-02 10:14:05,96.46,420,40513
2026-01-02 10:14:06,94.50,439,41486
2026-01-02 10:14:07,93.70,444,41603
2026-01-02 10:14:08,94.22,374,35238
2026-01-02 10:14:09,93.57,397,37147
2026-01-02 10:14:10,93.57,407,38083
2026-01-02 10:14:11,93.57,419,39206
2026-01-02 10:14:12,93.57,418,39112
2026-01-02 10:14:13,93.57,415,38832
2026-01-02 10:14:14,93.57,434,40609
2026-01-02 10:14:15,93.57,391,36586
2026-01-02 10:14:16,93.57,411,38457
2026-01-02 10:14:17,93.57,438,40984
2026-01-02 10:14:18,93.77,387,36289
2026-01-02 10:14:19,93.57,426,39861
2026-01-02 10:14:20,93.57,412,38551
2026-01-02 10:14:21,93.57,433,40516
2026-01-02 10:14:22,93.57,416,38925
2026-01-02 10:14:23,93.57,407,38083
2026-01-02 10:14:24,93.57,399,37334
2026-01-02 10:14:25,93.57,395,36960
2026-01-02 10:14:26,93.57,431,40329
2026-01-02 10:14:27,93.57,419,39206
2026-01-02 10:14:28,93.57,379,35463
2026-01-02 10:14:29,93.89,433,40654
2026-01-02 10:14:30,93.57,401,37522
2026-01-02 10:14:31,93.57,461,43136
2026-01-02 10:14:32,97.18,366,35568
2026-01-02 10:14:33,95.68,415,39707
2026-01-02 10:14:34,96.78,397,38422
2026-01-02 10:14:35,97.66,434,42384
2026-01-02 10:14:36,100.11,400,40044
2026-01-02 10:14:37,102.11,407,41559
2026-01-02 10:14:38,101.14,404,40861
2026-01-02 10:14:39,98.59,411,40520
2026-01-02 10:14:40,97.53,365,35598
2026-01-02 10:14:41,97.78,392,38330
2026-01-02 10:14:42,96.67,398,38475
2026-01-02 10:14:43,94.98,451,42836
2026-01-02 10:14:44,95.04,390,37066
2026-01-02 10:14:45,94.48,402,37981
2026-01-02 10:14:46,94.40,424,40026
2026-01-02 10:14:47,94.37,391,36899
2026-01-02 10:14:48,94.32,412,38860
2026-01-02 10:14:49,93.57,414,38738
2026-01-02 10:14:50,94.31,434,40931
2026-01-02 10:14:51,97.82,381,37269
2026-01-02 10:14:52,93.57,368,34434
2026-01-02 10:14:53,93.57,412,38551
2026-01-02 10:14:54,93.57,399,37334
2026-01-02 10:14:55,93.57,359,33592
2026-01-02 10:14:56,94.22,389,36652
2026-01-02 10:14:57,95.00,397,37715
2026-01-02 10:14:58,94.27,418,39405
2026-01-02 10:14:59,93.78,426,39950
2026-01-02 10:15:00,93.57,410,38364
2026-01-02 10:15:01,93.57,442,41358
2026-01-02 10:15:02,93.57,454,42481
2026-01-02 10:15:03,93.57,384,35931
2026-01-02 10:15:04,93.57,421,39393
2026-01-02 10:15:05,93.57,424,39674
2026-01-02 10:15:06,93.57,387,36212
2026-01-02 10:15:07,93.57,389,36399
2026-01-02 10:15:08,93.57,381,35650
2026-01-02 10:15:09,93.57,445,41639
2026-01-02 10:15:10,93.57,414,38738
2026-01-02 10:15:11,93.57,387,36212
2026-01-02 10:15:12,93.57,403,37709
2026-01-02 10:15:13,93.57,446,41732
2026-01-02 10:15:14,93.57,443,41452
2026-01-02 10:15:15,93.57,402,37615
2026-01-02 10:15:16,93.57,402,37615
2026-01-02 10:15:17,93.57,399,37334
2026-01-02 10:15:18,93.57,408,38177
2026-01-02 10:15:19,93.57,383,35837
2026-01-02 10:15:20,93.57,461,43136
2026-01-02 10:15:21,93.57,402,37615
2026-01-02 10:15:22,93.57,400,37428
2026-01-02 10:15:23,93.57,413,38644
2026-01-02 10:15:24,93.57,379,35463
2026-01-02 10:15:25,93.57,441,41264
2026-01-02 10:15:26,93.57,402,37615
2026-01-02 10:15:27,93.57,437,40890
2026-01-02 10:15:28,93.57,411,38457
2026-01-02 10:15:29,93.57,412,38551
2026-01-02 10:15:30,93.57,405,37896
2026-01-02 10:15:31,93.57,426,39861
