timestamp,price,volume,amount
2026-01-02 09:30:00,30.70,1553,47677
2026-01-02 09:30:01,30.62,1504,46052
2026-01-02 09:30:02,30.64,1476,45225
2026-01-02 09:30:03,30.42,1562,47516
2026-01-02 09:30:04,30.05,1573,47269
2026-01-02 09:30:05,30.48,1514,46147
2026-01-02 09:30:06,30.35,1509,45798
2026-01-02 09:30:07,30.36,1494,45358
2026-01-02 09:30:08,30.13,1437,43297
2026-01-02 09:30:09,30.15,1557,46944
2026-01-02 09:30:10,29.67,1501,44535
2026-01-02 09:30:11,29.74,1464,43539
2026-01-02 09:30:12,29.84,1445,43119
2026-01-02 09:30:13,29.86,1594,47597
2026-01-02 09:30:14,30.31,1508,45707
2026-01-02 09:30:15,30.34,1510,45813
2026-01-02 09:30:16,30.19,1511,45617
2026-01-02 09:30:17,30.51,1571,47931
2026-01-02 09:30:18,30.80,1511,46539
2026-01-02 09:30:19,30.80,1537,47340
2026-01-02 09:30:20,30.80,1572,48418
2026-01-02 09:30:21,30.80,1448,44598
2026-01-02 09:30:22,30.80,1489,45861
2026-01-02 09:30:23,30.52,1505,45933
2026-01-02 09:30:24,30.80,1511,46539
2026-01-02 09:30:25,30.80,1538,47370
2026-01-02 09:30:26,30.60,1513,46298
2026-01-02 09:30:27,30.39,1437,43670
2026-01-02 09:30:28,30.79,1516,46678
2026-01-02 09:30:29,30.80,1483,45676
2026-01-02 09:30:30,30.80,1559,48017
2026-01-02 09:30:31,30.80,1471,45307
2026-01-02 09:30:32,30.79,1528,47047
2026-01-02 09:30:33,30.80,1464,45091
2026-01-02 09:30:34,30.80,1488,45830
2026-01-02 09:30:35,30.80,1492,45954
2026-01-02 09:30:36,30.80,1534,47247
2026-01-02 09:30:37,30.80,1470,45276
2026-01-02 09:30:38,30.80,1506,46385
2026-01-02 09:30:39,30.80,1498,46138
2026-01-02 09:30:40,30.80,1463,45060
2026-01-02 09:30:41,30.80,1546,47617
2026-01-02 09:30:42,30.80,1518,46754
2026-01-02 09:30:43,30.80,1499,46169
2026-01-02 09:30:44,30.80,1471,45307
2026-01-02 09:30:45,30.80,1490,45892
2026-01-02 09:30:46,30.73,1516,46587
2026-01-02 09:30:47,30.61,1428,43711
2026-01-02 09:30:48,30.67,1490,45698
2026-01-02 09:30:49,30.29,1520,46041
2026-01-02 09:30:50,30.06,1479,44459
2026-01-02 09:30:51,30.48,1512,46086
2026-01-02 09:30:52,30.11,1432,43118
2026-01-02 09:30:53,30.79,1462,45015
2026-01-02 09:30:54,30.76,1527,46971
2026-01-02 09:30:55,30.26,1476,44664
2026-01-02 09:30:56,30.42,1493,45417
2026-01-02 09:30:57,30.65,1515,46435
2026-01-02 09:30:58,30.59,1516,46374
2026-01-02 09:30:59,30.29,1510,45738
2026-01-02 09:31:00,30.26,1520,45995
2026-01-02 09:31:01,30.29,1488,45072
2026-01-02 09:31:02,30.51,1534,46802
2026-01-02 09:31:03,30.17,1522,45919
2026-01-02 09:31:04,30.62,1528,46787
2026-01-02 09:31:05,30.20,1537,46417
2026-01-02 09:31:06,30.46,1507,45903
2026-01-02 09:31:07,30.80,1515,46662
2026-01-02 09:31:08,30.80,1437,44260
2026-01-02 09:31:09,30.80,1536,47309
2026-01-02 09:31:10,30.80,1452,44722
2026-01-02 09:31:11,30.80,1509,46477
2026-01-02 09:31:12,30.80,1446,44537
2026-01-02 09:31:13,30.27,1448,43831
2026-01-02 09:31:14,29.94,1440,43114
2026-01-02 09:31:15,29.50,1487,43866
2026-01-02 09:31:16,29.50,1561,46050
2026-01-02 09:31:17,29.50,1513,44634
2026-01-02 09:31:18,29.50,1474,43483
2026-01-02 09:31:19,29.50,1567,46226
2026-01-02 09:31:20,29.50,1565,46168
2026-01-02 09:31:21,29.50,1527,45046
2026-01-02 09:31:22,29.50,1488,43896
2026-01-02 09:31:23,29.50,1609,47466
2026-01-02 09:31:24,29.50,1458,43011
2026-01-02 09:31:25,29.50,1416,41772
2026-01-02 09:31:26,29.50,1472,43424
2026-01-02 09:31:27,29.72,1510,44877
2026-01-02 09:31:28,30.77,1472,45293
2026-01-02 09:31:29,30.80,1407,43336
2026-01-02 09:31:30,30.80,1410,43428
2026-01-02 09:31:31,30.40,1476,44870
2026-01-02 09:31:32,30.28,1494,45238
2026-01-02 09:31:33,30.30,1482,44905
2026-01-02 09:31:34,30.03,1506,45225
2026-01-02 09:31:35,29.97,1485,44505
2026-01-02 09:31:36,29.93,1443,43189
2026-01-02 09:31:37,30.05,1512,45436
2026-01-02 09:31:38,29.86,1475,44044
2026-01-02 09:31:39,30.50,1508,45994
2026-01-02 09:31:40,30.50,1456,44408
2026-01-02 09:31:41,30.50,1459,44500
2026-01-02 09:31:42,30.07,1505,45255
2026-01-02 09:31:43,29.79,1507,44894
2026-01-02 09:31:44,30.07,1455,43752
2026-01-02 09:31:45,30.18,1484,44787
2026-01-02 09:31:46,29.99,1387,41596
2026-01-02 09:31:47,29.85,1495,44626
2026-01-02 09:31:48,30.08,1450,43616
2026-01-02 09:31:49,30.23,1478,44680
2026-01-02 09:31:50,29.99,1464,43905
2026-01-02 09:31:51,29.85,1419,42357
2026-01-02 09:31:52,30.17,1517,45768
2026-01-02 09:31:53,29.86,1426,42580
2026-01-02 09:31:54,29.86,1495,44641
2026-01-02 09:31:55,29.93,1482,44356
2026-01-02 09:31:56,30.08,1475,44368
2026-01-02 09:31:57,30.08,1480,44518
2026-01-02 09:31:58,30.05,1483,44564
2026-01-02 09:31:59,30.15,1478,44562
2026-01-02 09:32:00,30.38,1473,44750
2026-01-02 09:32:01,30.35,1535,46587
2026-01-02 09:32:02,30.01,1495,44865
2026-01-02 09:32:03,30.36,1432,43476
2026-01-02 09:32:04,30.80,1495,46046
2026-01-02 09:32:05,30.80,1506,46385
2026-01-02 09:32:06,30.72,1417,43530
2026-01-02 09:32:07,30.80,1514,46631
2026-01-02 09:32:08,30.67,1506,46189
2026-01-02 09:32:09,30.80,1550,47740
2026-01-02 09:32:10,30.80,1487,45800
2026-01-02 09:32:11,30.80,1467,45184
2026-01-02 09:32:12,30.80,1492,45954
2026-01-02 09:32:13,30.80,1448,44598
2026-01-02 09:32:14,30.43,1379,41963
2026-01-02 09:32:15,30.37,1423,43217
2026-01-02 09:32:16,30.50,1508,45994
2026-01-02 09:32:17,30.62,1502,45991
2026-01-02 09:32:18,30.43,1457,44337
2026-01-02 09:32:19,30.34,1413,42870
2026-01-02 09:32:20,30.49,1539,46924
2026-01-02 09:32:21,30.80,1436,44229
2026-01-02 09:32:22,30.79,1442,44399
2026-01-02 09:32:23,30.57,1499,45824
2026-01-02 09:32:24,30.50,1528,46604
2026-01-02 09:32:25,30.76,1445,44448
2026-01-02 09:32:26,30.80,1494,46015
2026-01-02 09:32:27,30.80,1450,44660
2026-01-02 09:32:28,30.80,1448,44598
2026-01-02 09:32:29,30.80,1472,45338
2026-01-02 09:32:30,30.80,1447,44568
2026-01-02 09:32:31,30.80,1419,43705
2026-01-02 09:32:32,30.80,1393,42904
2026-01-02 09:32:33,30.80,1452,44722
2026-01-02 09:32:34,30.80,1455,44814
2026-01-02 09:32:35,30.80,1481,45615
2026-01-02 09:32:36,30.80,1493,45984
2026-01-02 09:32:37,30.80,1472,45338
2026-01-02 09:32:38,30.80,1510,46508
2026-01-02 09:32:39,30.80,1521,46847
2026-01-02 09:32:40,30.80,1492,45954
2026-01-02 09:32:41,30.80,1437,44260
2026-01-02 09:32:42,30.80,1512,46570
2026-01-02 09:32:43,30.80,1468,45214
2026-01-02 09:32:44,30.80,1468,45214
2026-01-02 09:32:45,30.80,1512,46570
2026-01-02 09:32:46,30.80,1403,43212
2026-01-02 09:32:47,30.80,1432,44106
2026-01-02 09:32:48,30.80,1458,44906
2026-01-02 09:32:49,30.80,1396,42997
2026-01-02 09:32:50,30.80,1439,44321
2026-01-02 09:32:51,30.80,1454,44783
2026-01-02 09:32:52,30.80,1471,45307
2026-01-02 09:32:53,30.80,1484,45707
2026-01-02 09:32:54,30.80,1451,44691
2026-01-02 09:32:55,30.80,1465,45122
2026-01-02 09:32:56,30.80,1433,44136
2026-01-02 09:32:57,30.80,1426,43921
2026-01-02 09:32:58,30.80,1436,44229
2026-01-02 09:32:59,30.80,1454,44783
2026-01-02 09:33:00,30.80,1483,45676
2026-01-02 09:33:01,30.80,1525,46970
2026-01-02 09:33:02,30.80,1473,45368
2026-01-02 09:33:03,30.80,1513,46600
2026-01-02 09:33:04,30.80,1530,47124
2026-01-02 09:33:05,30.80,1459,44937
2026-01-02 09:33:06,30.80,1396,42997
2026-01-02 09:33:07,30.80,1478,45522
2026-01-02 09:33:08,30.80,1456,44845
2026-01-02 09:33:09,30.80,1451,44691
2026-01-02 09:33:10,30.80,1479,45553
2026-01-02 09:33:11,30.80,1456,44845
2026-01-02 09:33:12,30.80,1385,42658
2026-01-02 09:33:13,30.80,1489,45861
2026-01-02 09:33:14,30.80,1412,43490
2026-01-02 09:33:15,30.80,1412,43490
2026-01-02 09:33:16,30.80,1478,45522
2026-01-02 09:33:17,30.80,1460,44968
2026-01-02 09:33:18,30.80,1531,47155
2026-01-02 09:33:19,30.80,1470,45276
2026-01-02 09:33:20,30.80,1425,43890
2026-01-02 09:33:21,30.80,1425,43890
2026-01-02 09:33:22,30.80,1469,45245
2026-01-02 09:33:23,30.80,1513,46600
2026-01-02 09:33:24,30.80,1481,45615
2026-01-02 09:33:25,30.80,1437,44260
2026-01-02 09:33:26,30.80,1383,42596
2026-01-02 09:33:27,30.80,1483,45676
2026-01-02 09:33:28,30.80,1393,42904
2026-01-02 09:33:29,30.80,1415,43582
2026-01-02 09:33:30,30.80,1389,42781
2026-01-02 09:33:31,30.80,1432,44106
2026-01-02 09:33:32,30.80,1406,43305
2026-01-02 09:33:33,30.80,1445,44506
2026-01-02 09:33:34,30.80,1417,43644
2026-01-02 09:33:35,30.80,1448,44598
2026-01-02 09:33:36,30.80,1438,44290
2026-01-02 09:33:37,30.80,1419,43705
2026-01-02 09:33:38,30.80,1408,43366
2026-01-02 09:33:39,30.80,1426,43921
2026-01-02 09:33:40,30.80,1444,44475
2026-01-02 09:33:41,30.80,1389,42781
2026-01-02 09:33:42,30.80,1450,44660
2026-01-02 09:33:43,30.80,1391,42843
2026-01-02 09:33:44,30.80,1400,43120
2026-01-02 09:33:45,30.80,1431,44075
2026-01-02 09:33:46,30.80,1462,45030
2026-01-02 09:33:47,30.80,1428,43982
2026-01-02 09:33:48,30.80,1433,44136
2026-01-02 09:33:49,30.80,1416,43613
2026-01-02 09:33:50,30.80,1479,45553
2026-01-02 09:33:51,30.80,1528,47062
2026-01-02 09:33:52,30.80,1425,43890
2026-01-02 09:33:53,30.80,1450,44660
2026-01-02 09:33:54,30.80,1495,46046
2026-01-02 09:33:55,30.80,1388,42750
2026-01-02 09:33:56,30.80,1525,46970
2026-01-02 09:33:57,30.80,1444,44475
2026-01-02 09:33:58,30.80,1444,44475
2026-01-02 09:33:59,30.80,1411,43459
2026-01-02 09:34:00,30.80,1430,44044
2026-01-02 09:34:01,30.80,1429,44013
2026-01-02 09:34:02,30.80,1409,43397
2026-01-02 09:34:03,30.80,1466,45153
2026-01-02 09:34:04,30.80,1405,43274
2026-01-02 09:34:05,30.80,1484,45707
2026-01-02 09:34:06,30.80,1341,41303
2026-01-02 09:34:07,30.80,1409,43397
2026-01-02 09:34:08,30.80,1441,44383
2026-01-02 09:34:09,30.80,1403,43212
2026-01-02 09:34:10,30.80,1427,43952
2026-01-02 09:34:11,30.80,1438,44290
2026-01-02 09:34:12,30.80,1424,43859
2026-01-02 09:34:13,30.80,1492,45954
2026-01-02 09:34:14,30.80,1443,44444
2026-01-02 09:34:15,30.80,1418,43674
2026-01-02 09:34:16,30.80,1433,44136
2026-01-02 09:34:17,30.80,1392,42874
2026-01-02 09:34:18,30.80,1449,44629
2026-01-02 09:34:19,30.80,1442,44414
2026-01-02 09:34:20,30.80,1421,43767
2026-01-02 09:34:21,30.80,1431,44075
2026-01-02 09:34:22,30.80,1475,45430
2026-01-02 09:34:23,30.80,1430,44044
2026-01-02 09:34:24,30.80,1459,44937
2026-01-02 09:34:25,30.80,1468,45214
2026-01-02 09:34:26,30.80,1439,44321
2026-01-02 09:34:27,30.80,1436,44229
2026-01-02 09:34:28,30.80,1408,43366
2026-01-02 09:34:29,30.80,1436,44229
2026-01-02 09:34:30,30.80,1418,43674
2026-01-02 09:34:31,30.80,1417,43644
2026-01-02 09:34:32,30.80,1478,45522
2026-01-02 09:34:33,30.80,1464,45091
2026-01-02 09:34:34,30.80,1489,45861
2026-01-02 09:34:35,30.80,1405,43274
2026-01-02 09:34:36,30.80,1356,41765
2026-01-02 09:34:37,30.80,1396,42997
2026-01-02 09:34:38,30.80,1430,44044
2026-01-02 09:34:39,30.80,1510,46508
2026-01-02 09:34:40,30.80,1433,44136
2026-01-02 09:34:41,30.80,1398,43058
2026-01-02 09:34:42,30.80,1454,44783
2026-01-02 09:34:43,30.80,1366,42073
2026-01-02 09:34:44,30.80,1406,43305
2026-01-02 09:34:45,30.80,1425,43890
2026-01-02 09:34:46,30.80,1445,44506
2026-01-02 09:34:47,30.80,1459,44937
2026-01-02 09:34:48,30.80,1351,41611
2026-01-02 09:34:49,30.80,1426,43921
2026-01-02 09:34:50,30.80,1442,44414
2026-01-02 09:34:51,30.80,1363,41980
2026-01-02 09:34:52,30.80,1458,44906
2026-01-02 09:34:53,30.80,1401,43151
2026-01-02 09:34:54,30.80,1449,44629
2026-01-02 09:34:55,30.80,1455,44814
2026-01-02 09:34:56,30.80,1428,43982
2026-01-02 09:34:57,30.80,1497,46108
2026-01-02 09:34:58,30.80,1461,44999
2026-01-02 09:34:59,30.80,1456,44845
2026-01-02 09:35:00,30.80,1422,43798
2026-01-02 09:35:01,30.80,1395,42966
2026-01-02 09:35:02,30.80,1406,43305
2026-01-02 09:35:03,30.80,1353,41672
2026-01-02 09:35:04,30.80,1496,46077
2026-01-02 09:35:05,30.80,1443,44444
2026-01-02 09:35:06,30.80,1380,42504
2026-01-02 09:35:07,30.80,1417,43644
2026-01-02 09:35:08,30.80,1472,45338
2026-01-02 09:35:09,30.80,1443,44444
2026-01-02 09:35:10,30.80,1339,41241
2026-01-02 09:35:11,30.80,1431,44075
2026-01-02 09:35:12,30.80,1445,44506
2026-01-02 09:35:13,30.80,1426,43921
2026-01-02 09:35:14,30.80,1389,42781
2026-01-02 09:35:15,30.80,1464,45091
2026-01-02 09:35:16,30.80,1427,43952
2026-01-02 09:35:17,30.80,1410,43428
2026-01-02 09:35:18,30.80,1407,43336
2026-01-02 09:35:19,30.80,1431,44075
2026-01-02 09:35:20,30.80,1449,44629
2026-01-02 09:35:21,30.80,1421,43767
2026-01-02 09:35:22,30.80,1426,43921
2026-01-02 09:35:23,30.80,1384,42627
2026-01-02 09:35:24,30.80,1454,44783
2026-01-02 09:35:25,30.80,1513,46600
2026-01-02 09:35:26,30.80,1427,43952
2026-01-02 09:35:27,30.80,1426,43921
2026-01-02 09:35:28,30.80,1365,42042
2026-01-02 09:35:29,30.80,1411,43459
2026-01-02 09:35:30,30.80,1488,45830
2026-01-02 09:35:31,30.80,1426,43921
2026-01-02 09:35:32,30.80,1387,42720
2026-01-02 09:35:33,30.80,1384,42627
2026-01-02 09:35:34,30.80,1399,43089
2026-01-02 09:35:35,30.80,1393,42904
2026-01-02 09:35:36,30.80,1434,44167
2026-01-02 09:35:37,30.80,1438,44290
2026-01-02 09:35:38,30.80,1411,43459
2026-01-02 09:35:39,30.80,1388,42750
2026-01-02 09:35:40,30.80,1486,45769
2026-01-02 09:35:41,30.80,1435,44198
2026-01-02 09:35:42,30.80,1390,42812
2026-01-02 09:35:43,30.80,1448,44598
2026-01-02 09:35:44,30.80,1425,43890
2026-01-02 09:35:45,30.80,1344,41395
2026-01-02 09:35:46,30.80,1392,42874
2026-01-02 09:35:47,30.80,1408,43366
2026-01-02 09:35:48,30.80,1386,42689
2026-01-02 09:35:49,30.80,1392,42874
2026-01-02 09:35:50,30.80,1448,44598
2026-01-02 09:35:51,30.80,1413,43520
2026-01-02 09:35:52,30.80,1410,43428
2026-01-02 09:35:53,30.80,1396,42997
2026-01-02 09:35:54,30.80,1408,43366
2026-01-02 09:35:55,30.80,1466,45153
2026-01-02 09:35:56,30.80,1405,43274
2026-01-02 09:35:57,30.80,1388,42750
2026-01-02 09:35:58,30.80,1498,46138
2026-01-02 09:35:59,30.80,1412,43490
2026-01-02 09:36:00,30.80,1391,42843
2026-01-02 09:36:01,30.80,1503,46292
2026-01-02 09:36:02,30.80,1411,43459
2026-01-02 09:36:03,30.80,1391,42843
2026-01-02 09:36:04,30.80,1399,43089
2026-01-02 09:36:05,30.80,1374,42319
2026-01-02 09:36:06,30.35,1434,43522
2026-01-02 09:36:07,30.28,1464,44330
2026-01-02 09:36:08,30.49,1435,43753
2026-01-02 09:36:09,30.80,1400,43120
2026-01-02 09:36:10,30.80,1404,43243
2026-01-02 09:36:11,30.80,1397,43028
2026-01-02 09:36:12,30.80,1443,44444
2026-01-02 09:36:13,30.80,1436,44229
2026-01-02 09:36:14,30.80,1407,43336
2026-01-02 09:36:15,30.80,1442,44414
2026-01-02 09:36:16,30.80,1443,44444
2026-01-02 09:36:17,30.80,1409,43397
2026-01-02 09:36:18,30.80,1462,45030
2026-01-02 09:36:19,30.80,1488,45830
2026-01-02 09:36:20,30.80,1423,43828
2026-01-02 09:36:21,30.80,1399,43089
2026-01-02 09:36:22,30.80,1422,43798
2026-01-02 09:36:23,30.80,1338,41210
2026-01-02 09:36:24,30.80,1451,44691
2026-01-02 09:36:25,30.80,1404,43243
2026-01-02 09:36:26,30.80,1381,42535
2026-01-02 09:36:27,30.65,1454,44565
2026-01-02 09:36:28,30.31,1424,43161
2026-01-02 09:36:29,29.71,1351,40138
2026-01-02 09:36:30,29.92,1484,44401
2026-01-02 09:36:31,29.84,1457,43477
2026-01-02 09:36:32,30.04,1374,41275
2026-01-02 09:36:33,30.34,1446,43872
2026-01-02 09:36:34,30.23,1366,41294
2026-01-02 09:36:35,30.09,1381,41554
2026-01-02 09:36:36,30.28,1391,42119
2026-01-02 09:36:37,30.41,1352,41114
2026-01-02 09:36:38,30.59,1371,41939
2026-01-02 09:36:39,30.29,1379,41770
2026-01-02 09:36:40,30.08,1444,43436
2026-01-02 09:36:41,30.43,1431,43545
2026-01-02 09:36:42,30.80,1385,42658
2026-01-02 09:36:43,30.80,1378,42442
2026-01-02 09:36:44,30.80,1438,44290
2026-01-02 09:36:45,30.80,1374,42319
2026-01-02 09:36:46,30.80,1437,44260
2026-01-02 09:36:47,30.80,1335,41118
2026-01-02 09:36:48,30.80,1465,45122
2026-01-02 09:36:49,30.80,1393,42904
2026-01-02 09:36:50,30.80,1376,42381
2026-01-02 09:36:51,30.80,1361,41919
2026-01-02 09:36:52,30.80,1393,42904
2026-01-02 09:36:53,30.80,1425,43890
2026-01-02 09:36:54,30.80,1360,41888
2026-01-02 09:36:55,30.80,1346,41457
2026-01-02 09:36:56,30.80,1436,44229
2026-01-02 09:36:57,30.80,1411,43459
2026-01-02 09:36:58,30.80,1359,41857
2026-01-02 09:36:59,30.80,1345,41426
2026-01-02 09:37:00,30.80,1412,43490
2026-01-02 09:37:01,30.80,1387,42720
2026-01-02 09:37:02,30.80,1392,42874
2026-01-02 09:37:03,30.80,1436,44229
2026-01-02 09:37:04,30.80,1377,42412
2026-01-02 09:37:05,30.80,1403,43212
2026-01-02 09:37:06,30.80,1363,41980
2026-01-02 09:37:07,30.80,1404,43243
2026-01-02 09:37:08,30.80,1403,43212
2026-01-02 09:37:09,30.80,1318,40594
2026-01-02 09:37:10,30.80,1344,41395
2026-01-02 09:37:11,30.80,1357,41796
2026-01-02 09:37:12,30.80,1365,42042
2026-01-02 09:37:13,30.80,1417,43644
2026-01-02 09:37:14,30.80,1377,42412
2026-01-02 09:37:15,30.80,1381,42535
2026-01-02 09:37:16,30.80,1381,42535
2026-01-02 09:37:17,30.80,1405,43274
2026-01-02 09:37:18,30.80,1397,43028
2026-01-02 09:37:19,30.80,1326,40841
2026-01-02 09:37:20,30.80,1431,44075
2026-01-02 09:37:21,30.80,1359,41857
2026-01-02 09:37:22,30.80,1374,42319
2026-01-02 09:37:23,30.80,1430,44044
2026-01-02 09:37:24,30.80,1431,44075
2026-01-02 09:37:25,30.80,1348,41518
2026-01-02 09:37:26,30.80,1392,42874
2026-01-02 09:37:27,30.80,1390,42812
2026-01-02 09:37:28,30.80,1385,42658
2026-01-02 09:37:29,30.80,1450,44660
2026-01-02 09:37:30,30.80,1369,42165
2026-01-02 09:37:31,30.80,1340,41272
2026-01-02 09:37:32,30.80,1414,43551
2026-01-02 09:37:33,30.80,1427,43952
2026-01-02 09:37:34,30.80,1435,44198
2026-01-02 09:37:35,30.80,1388,42750
2026-01-02 09:37:36,30.80,1362,41950
2026-01-02 09:37:37,30.80,1360,41888
2026-01-02 09:37:38,30.80,1368,42134
2026-01-02 09:37:39,30.80,1395,42966
2026-01-02 09:37:40,30.80,1402,43182
2026-01-02 09:37:41,30.80,1361,41919
2026-01-02 09:37:42,30.80,1363,41980
2026-01-02 09:37:43,30.80,1437,44260
2026-01-02 09:37:44,30.80,1372,42258
2026-01-02 09:37:45,30.80,1392,42874
2026-01-02 09:37:46,30.80,1389,42781
2026-01-02 09:37:47,30.80,1358,41826
2026-01-02 09:37:48,30.80,1332,41026
2026-01-02 09:37:49,30.80,1320,40656
2026-01-02 09:37:50,30.80,1331,40995
2026-01-02 09:37:51,30.80,1364,42011
2026-01-02 09:37:52,30.80,1414,43551
2026-01-02 09:37:53,30.80,1389,42781
2026-01-02 09:37:54,30.80,1375,42350
2026-01-02 09:37:55,30.80,1378,42442
2026-01-02 09:37:56,30.80,1401,43151
2026-01-02 09:37:57,30.80,1419,43705
2026-01-02 09:37:58,30.80,1384,42627
2026-01-02 09:37:59,30.80,1364,42011
2026-01-02 09:38:00,30.80,1322,40718
2026-01-02 09:38:01,30.80,1402,43182
2026-01-02 09:38:02,30.80,1437,44260
2026-01-02 09:38:03,30.80,1383,42596
2026-01-02 09:38:04,30.80,1358,41826
2026-01-02 09:38:05,30.80,1328,40902
2026-01-02 09:38:06,30.80,1358,41826
2026-01-02 09:38:07,30.80,1387,42720
2026-01-02 09:38:08,30.80,1410,43428
2026-01-02 09:38:09,30.80,1322,40718
2026-01-02 09:38:10,30.80,1471,45307
2026-01-02 09:38:11,30.80,1381,42535
2026-01-02 09:38:12,30.80,1377,42412
2026-01-02 09:38:13,30.80,1356,41765
2026-01-02 09:38:14,30.80,1361,41919
2026-01-02 09:38:15,30.80,1374,42319
2026-01-02 09:38:16,30.80,1369,42165
2026-01-02 09:38:17,30.80,1373,42288
2026-01-02 09:38:18,30.80,1386,42689
2026-01-02 09:38:19,30.80,1373,42288
2026-01-02 09:38:20,30.80,1407,43336
2026-01-02 09:38:21,30.80,1398,43058
2026-01-02 09:38:22,30.80,1316,40533
2026-01-02 09:38:23,30.80,1339,41241
2026-01-02 09:38:24,30.80,1360,41888
2026-01-02 09:38:25,30.80,1393,42904
2026-01-02 09:38:26,30.80,1284,39547
2026-01-02 09:38:27,30.80,1392,42874
2026-01-02 09:38:28,30.80,1363,41980
2026-01-02 09:38:29,30.80,1468,45214
2026-01-02 09:38:30,30.80,1330,40964
2026-01-02 09:38:31,30.80,1442,44414
2026-01-02 09:38:32,30.80,1358,41826
2026-01-02 09:38:33,30.80,1372,42258
2026-01-02 09:38:34,30.80,1357,41796
2026-01-02 09:38:35,30.80,1393,42904
2026-01-02 09:38:36,30.80,1328,40902
2026-01-02 09:38:37,30.80,1344,41395
2026-01-02 09:38:38,30.80,1351,41611
2026-01-02 09:38:39,30.80,1415,43582
2026-01-02 09:38:40,30.80,1405,43274
2026-01-02 09:38:41,30.80,1365,42042
2026-01-02 09:38:42,30.80,1271,39147
2026-01-02 09:38:43,30.80,1351,41611
2026-01-02 09:38:44,30.80,1410,43428
2026-01-02 09:38:45,30.80,1343,41364
2026-01-02 09:38:46,30.80,1324,40779
2026-01-02 09:38:47,30.80,1402,43182
2026-01-02 09:38:48,30.80,1352,41642
2026-01-02 09:38:49,30.80,1377,42412
2026-01-02 09:38:50,30.80,1368,42134
2026-01-02 09:38:51,30.80,1415,43582
2026-01-02 09:38:52,30.80,1413,43520
2026-01-02 09:38:53,30.80,1323,40748
2026-01-02 09:38:54,30.80,1373,42288
2026-01-02 09:38:55,30.80,1346,41457
2026-01-02 09:38:56,30.80,1395,42966
2026-01-02 09:38:57,30.80,1334,41087
2026-01-02 09:38:58,30.80,1305,40194
2026-01-02 09:38:59,30.80,1412,43490
2026-01-02 09:39:00,30.80,1352,41642
2026-01-02 09:39:01,30.80,1435,44198
2026-01-02 09:39:02,30.80,1420,43736
2026-01-02 09:39:03,30.80,1421,43767
2026-01-02 09:39:04,30.80,1470,45276
2026-01-02 09:39:05,30.80,1379,42473
2026-01-02 09:39:06,30.80,1324,40779
2026-01-02 09:39:07,30.80,1451,44691
2026-01-02 09:39:08,30.80,1329,40933
2026-01-02 09:39:09,30.80,1332,41026
2026-01-02 09:39:10,30.80,1305,40194
2026-01-02 09:39:11,30.80,1360,41888
2026-01-02 09:39:12,30.80,1341,41303
2026-01-02 09:39:13,30.80,1397,43028
2026-01-02 09:39:14,30.80,1403,43212
2026-01-02 09:39:15,30.80,1348,41518
2026-01-02 09:39:16,30.80,1347,41488
2026-01-02 09:39:17,30.80,1365,42042
2026-01-02 09:39:18,30.80,1374,42319
2026-01-02 09:39:19,30.80,1379,42473
2026-01-02 09:39:20,30.80,1372,42258
2026-01-02 09:39:21,30.80,1323,40748
2026-01-02 09:39:22,30.80,1364,42011
2026-01-02 09:39:23,30.80,1326,40841
2026-01-02 09:39:24,30.80,1390,42812
2026-01-02 09:39:25,30.80,1313,40440
2026-01-02 09:39:26,30.80,1356,41765
2026-01-02 09:39:27,30.80,1323,40748
2026-01-02 09:39:28,30.80,1388,42750
2026-01-02 09:39:29,30.80,1379,42473
2026-01-02 09:39:30,30.80,1319,40625
2026-01-02 09:39:31,30.80,1317,40564
2026-01-02 09:39:32,30.80,1438,44290
2026-01-02 09:39:33,30.80,1361,41919
2026-01-02 09:39:34,30.80,1418,43674
2026-01-02 09:39:35,30.80,1327,40872
2026-01-02 09:39:36,30.80,1406,43305
2026-01-02 09:39:37,30.80,1317,40564
2026-01-02 09:39:38,30.80,1349,41549
2026-01-02 09:39:39,30.80,1351,41611
2026-01-02 09:39:40,30.80,1393,42904
2026-01-02 09:39:41,30.80,1350,41580
2026-01-02 09:39:42,30.80,1327,40872
2026-01-02 09:39:43,30.80,1394,42935
2026-01-02 09:39:44,30.80,1384,42627
2026-01-02 09:39:45,30.80,1357,41796
2026-01-02 09:39:46,30.80,1374,42319
2026-01-02 09:39:47,30.80,1311,40379
2026-01-02 09:39:48,30.80,1387,42720
2026-01-02 09:39:49,30.80,1364,42011
2026-01-02 09:39:50,30.80,1375,42350
2026-01-02 09:39:51,30.80,1367,42104
2026-01-02 09:39:52,30.80,1368,42134
2026-01-02 09:39:53,30.80,1404,43243
2026-01-02 09:39:54,30.80,1370,42196
2026-01-02 09:39:55,30.80,1340,41272
2026-01-02 09:39:56,30.80,1335,41118
2026-01-02 09:39:57,30.80,1352,41642
2026-01-02 09:39:58,30.80,1424,43859
2026-01-02 09:39:59,30.80,1307,40256
2026-01-02 09:40:00,30.80,1475,45430
2026-01-02 09:40:01,30.80,1401,43151
2026-01-02 09:40:02,30.80,1341,41303
2026-01-02 09:40:03,30.80,1335,41118
2026-01-02 09:40:04,30.80,1391,42843
2026-01-02 09:40:05,30.80,1343,41364
2026-01-02 09:40:06,30.80,1433,44136
2026-01-02 09:40:07,30.80,1269,39085
2026-01-02 09:40:08,30.80,1328,40902
2026-01-02 09:40:09,30.80,1392,42874
2026-01-02 09:40:10,30.80,1338,41210
2026-01-02 09:40:11,30.80,1335,41118
2026-01-02 09:40:12,30.80,1343,41364
2026-01-02 09:40:13,30.80,1363,41980
2026-01-02 09:40:14,30.80,1340,41272
2026-01-02 09:40:15,30.80,1316,40533
2026-01-02 09:40:16,30.80,1356,41765
2026-01-02 09:40:17,30.80,1398,43058
2026-01-02 09:40:18,30.80,1314,40471
2026-01-02 09:40:19,30.80,1389,42781
2026-01-02 09:40:20,30.80,1311,40379
2026-01-02 09:40:21,30.80,1393,42904
2026-01-02 09:40:22,30.80,1426,43921
2026-01-02 09:40:23,30.80,1356,41765
2026-01-02 09:40:24,30.80,1379,42473
2026-01-02 09:40:25,30.80,1276,39301
2026-01-02 09:40:26,30.80,1335,41118
2026-01-02 09:40:27,30.80,1382,42566
2026-01-02 09:40:28,30.80,1310,40348
2026-01-02 09:40:29,30.80,1313,40440
2026-01-02 09:40:30,30.80,1319,40625
2026-01-02 09:40:31,30.80,1351,41611
2026-01-02 09:40:32,30.80,1289,39701
2026-01-02 09:40:33,30.80,1323,40748
2026-01-02 09:40:34,30.80,1320,40656
2026-01-02 09:40:35,30.80,1352,41642
2026-01-02 09:40:36,30.80,1304,40163
2026-01-02 09:40:37,30.80,1360,41888
2026-01-02 09:40:38,30.80,1343,41364
2026-01-02 09:40:39,30.80,1326,40841
2026-01-02 09:40:40,30.80,1300,40040
2026-01-02 09:40:41,30.80,1358,41826
2026-01-02 09:40:42,30.80,1338,41210
2026-01-02 09:40:43,30.80,1287,39640
2026-01-02 09:40:44,30.80,1327,40872
2026-01-02 09:40:45,30.80,1323,40748
2026-01-02 09:40:46,30.80,1341,41303
2026-01-02 09:40:47,30.80,1296,39917
2026-01-02 09:40:48,30.80,1325,40810
2026-01-02 09:40:49,30.80,1328,40902
2026-01-02 09:40:50,30.80,1339,41241
2026-01-02 09:40:51,30.78,1363,41953
2026-01-02 09:40:52,30.80,1343,41364
2026-01-02 09:40:53,30.80,1284,39547
2026-01-02 09:40:54,30.80,1377,42412
2026-01-02 09:40:55,30.27,1330,40259
2026-01-02 09:40:56,30.52,1259,38425
2026-01-02 09:40:57,29.85,1317,39312
2026-01-02 09:40:58,30.12,1336,40240
2026-01-02 09:40:59,30.41,1346,40932
2026-01-02 09:41:00,30.63,1383,42361
2026-01-02 09:41:01,30.79,1300,40027
2026-01-02 09:41:02,30.80,1376,42381
2026-01-02 09:41:03,30.80,1354,41703
2026-01-02 09:41:04,30.80,1351,41611
2026-01-02 09:41:05,30.80,1333,41056
2026-01-02 09:41:06,30.80,1387,42720
2026-01-02 09:41:07,30.80,1302,40102
2026-01-02 09:41:08,30.80,1303,40132
2026-01-02 09:41:09,30.80,1331,40995
2026-01-02 09:41:10,30.80,1263,38900
2026-01-02 09:41:11,30.80,1306,40225
2026-01-02 09:41:12,30.80,1327,40872
2026-01-02 09:41:13,30.80,1414,43551
2026-01-02 09:41:14,30.80,1370,42196
2026-01-02 09:41:15,30.80,1329,40933
2026-01-02 09:41:16,30.80,1298,39978
2026-01-02 09:41:17,30.80,1290,39732
2026-01-02 09:41:18,30.80,1333,41056
2026-01-02 09:41:19,30.80,1313,40440
2026-01-02 09:41:20,30.80,1430,44044
2026-01-02 09:41:21,30.80,1298,39978
2026-01-02 09:41:22,30.80,1321,40687
2026-01-02 09:41:23,30.80,1309,40317
2026-01-02 09:41:24,30.80,1354,41703
2026-01-02 09:41:25,30.80,1275,39270
2026-01-02 09:41:26,30.80,1391,42843
2026-01-02 09:41:27,30.80,1276,39301
2026-01-02 09:41:28,30.80,1301,40071
2026-01-02 09:41:29,30.80,1326,40841
2026-01-02 09:41:30,30.80,1307,40256
2026-01-02 09:41:31,30.80,1391,42843
2026-01-02 09:41:32,30.80,1368,42134
2026-01-02 09:41:33,30.80,1315,40502
2026-01-02 09:41:34,30.80,1341,41303
2026-01-02 09:41:35,30.80,1317,40564
2026-01-02 09:41:36,30.80,1350,41580
2026-01-02 09:41:37,30.80,1293,39824
2026-01-02 09:41:38,30.80,1291,39763
2026-01-02 09:41:39,30.80,1305,40194
2026-01-02 09:41:40,30.80,1316,40533
2026-01-02 09:41:41,30.80,1340,41272
2026-01-02 09:41:42,30.80,1321,40687
2026-01-02 09:41:43,30.80,1303,40132
2026-01-02 09:41:44,30.80,1336,41149
2026-01-02 09:41:45,30.80,1247,38408
2026-01-02 09:41:46,30.80,1369,42165
2026-01-02 09:41:47,30.80,1394,42935
2026-01-02 09:41:48,30.80,1297,39948
2026-01-02 09:41:49,30.80,1338,41210
2026-01-02 09:41:50,30.80,1300,40040
2026-01-02 09:41:51,30.80,1336,41149
2026-01-02 09:41:52,30.80,1342,41334
2026-01-02 09:41:53,30.80,1340,41272
2026-01-02 09:41:54,30.80,1333,41056
2026-01-02 09:41:55,30.80,1322,40718
2026-01-02 09:41:56,30.80,1346,41457
2026-01-02 09:41:57,30.80,1349,41549
2026-01-02 09:41:58,30.80,1273,39208
2026-01-02 09:41:59,30.80,1321,40687
2026-01-02 09:42:00,30.80,1317,40564
2026-01-02 09:42:01,30.80,1332,41026
2026-01-02 09:42:02,30.80,1312,40410
2026-01-02 09:42:03,30.80,1277,39332
2026-01-02 09:42:04,30.80,1269,39085
2026-01-02 09:42:05,30.80,1340,41272
2026-01-02 09:42:06,30.80,1381,42535
2026-01-02 09:42:07,30.80,1335,41118
2026-01-02 09:42:08,30.80,1287,39640
2026-01-02 09:42:09,30.80,1371,42227
2026-01-02 09:42:10,30.80,1340,41272
2026-01-02 09:42:11,30.80,1289,39701
2026-01-02 09:42:12,30.80,1367,42104
2026-01-02 09:42:13,30.80,1337,41180
2026-01-02 09:42:14,30.80,1392,42874
2026-01-02 09:42:15,30.80,1356,41765
2026-01-02 09:42:16,30.80,1311,40379
2026-01-02 09:42:17,30.80,1342,41334
2026-01-02 09:42:18,30.80,1302,40102
2026-01-02 09:42:19,30.80,1337,41180
2026-01-02 09:42:20,30.80,1257,38716
2026-01-02 09:42:21,30.80,1303,40132
2026-01-02 09:42:22,30.80,1342,41334
2026-01-02 09:42:23,30.80,1268,39054
2026-01-02 09:42:24,30.80,1335,41118
2026-01-02 09:42:25,30.80,1319,40625
2026-01-02 09:42:26,30.80,1368,42134
2026-01-02 09:42:27,30.80,1326,40841
2026-01-02 09:42:28,30.80,1337,41180
2026-01-02 09:42:29,30.80,1308,40286
2026-01-02 09:42:30,30.80,1260,38808
2026-01-02 09:42:31,30.80,1252,38562
2026-01-02 09:42:32,30.80,1362,41950
2026-01-02 09:42:33,30.80,1264,38931
2026-01-02 09:42:34,30.80,1277,39332
2026-01-02 09:42:35,30.80,1277,39332
2026-01-02 09:42:36,30.80,1321,40687
2026-01-02 09:42:37,30.80,1313,40440
2026-01-02 09:42:38,30.80,1316,40533
2026-01-02 09:42:39,30.80,1311,40379
2026-01-02 09:42:40,30.80,1288,39670
2026-01-02 09:42:41,30.80,1268,39054
2026-01-02 09:42:42,30.80,1276,39301
2026-01-02 09:42:43,30.80,1389,42781
2026-01-02 09:42:44,30.80,1387,42720
2026-01-02 09:42:45,30.80,1308,40286
2026-01-02 09:42:46,30.80,1329,40933
2026-01-02 09:42:47,30.80,1356,41765
2026-01-02 09:42:48,30.80,1252,38562
2026-01-02 09:42:49,30.80,1294,39855
2026-01-02 09:42:50,30.80,1288,39670
2026-01-02 09:42:51,30.80,1301,40071
2026-01-02 09:42:52,30.80,1346,41457
2026-01-02 09:42:53,30.80,1348,41518
2026-01-02 09:42:54,30.80,1274,39239
2026-01-02 09:42:55,30.80,1297,39948
2026-01-02 09:42:56,30.80,1264,38931
2026-01-02 09:42:57,30.80,1350,41580
2026-01-02 09:42:58,30.80,1282,39486
2026-01-02 09:42:59,30.80,1248,38438
2026-01-02 09:43:00,30.80,1245,38346
2026-01-02 09:43:01,30.80,1360,41888
2026-01-02 09:43:02,30.80,1331,40995
2026-01-02 09:43:03,30.80,1274,39239
2026-01-02 09:43:04,30.80,1335,41118
2026-01-02 09:43:05,30.80,1314,40471
2026-01-02 09:43:06,30.80,1265,38962
2026-01-02 09:43:07,30.80,1297,39948
2026-01-02 09:43:08,30.80,1289,39701
2026-01-02 09:43:09,30.80,1244,38315
2026-01-02 09:43:10,30.80,1337,41180
2026-01-02 09:43:11,30.80,1362,41950
2026-01-02 09:43:12,30.80,1275,39270
2026-01-02 09:43:13,30.80,1291,39763
2026-01-02 09:43:14,30.80,1304,40163
2026-01-02 09:43:15,30.80,1329,40933
2026-01-02 09:43:16,30.80,1270,39116
2026-01-02 09:43:17,30.80,1335,41118
2026-01-02 09:43:18,30.80,1268,39054
2026-01-02 09:43:19,30.80,1299,40009
2026-01-02 09:43:20,30.80,1274,39239
2026-01-02 09:43:21,30.80,1222,37638
2026-01-02 09:43:22,30.80,1277,39332
2026-01-02 09:43:23,30.80,1296,39917
2026-01-02 09:43:24,30.80,1282,39486
2026-01-02 09:43:25,30.80,1279,39393
2026-01-02 09:43:26,30.80,1277,39332
2026-01-02 09:43:27,30.80,1309,40317
2026-01-02 09:43:28,30.80,1272,39178
2026-01-02 09:43:29,30.80,1274,39239
2026-01-02 09:43:30,30.80,1372,42258
2026-01-02 09:43:31,30.80,1295,39886
2026-01-02 09:43:32,30.80,1312,40410
2026-01-02 09:43:33,30.80,1281,39455
2026-01-02 09:43:34,30.80,1286,39609
2026-01-02 09:43:35,30.80,1337,41180
2026-01-02 09:43:36,30.80,1341,41303
2026-01-02 09:43:37,30.80,1278,39362
2026-01-02 09:43:38,30.80,1289,39701
2026-01-02 09:43:39,30.80,1279,39393
2026-01-02 09:43:40,30.80,1276,39301
2026-01-02 09:43:41,30.80,1291,39763
2026-01-02 09:43:42,30.80,1287,39640
2026-01-02 09:43:43,30.80,1299,40009
2026-01-02 09:43:44,30.80,1275,39270
2026-01-02 09:43:45,30.80,1343,41364
2026-01-02 09:43:46,30.80,1292,39794
2026-01-02 09:43:47,30.80,1290,39732
2026-01-02 09:43:48,30.80,1323,40748
2026-01-02 09:43:49,30.80,1336,41149
2026-01-02 09:43:50,30.80,1276,39301
2026-01-02 09:43:51,30.80,1255,38654
2026-01-02 09:43:52,30.80,1277,39332
2026-01-02 09:43:53,30.80,1272,39178
2026-01-02 09:43:54,30.80,1232,37946
2026-01-02 09:43:55,30.80,1289,39701
2026-01-02 09:43:56,30.80,1313,40440
2026-01-02 09:43:57,30.80,1253,38592
2026-01-02 09:43:58,30.80,1272,39178
2026-01-02 09:43:59,30.80,1331,40995
2026-01-02 09:44:00,30.80,1262,38870
2026-01-02 09:44:01,30.80,1328,40902
2026-01-02 09:44:02,30.80,1308,40286
2026-01-02 09:44:03,30.80,1330,40964
2026-01-02 09:44:04,30.80,1281,39455
2026-01-02 09:44:05,30.80,1264,38931
2026-01-02 09:44:06,30.80,1333,41056
2026-01-02 09:44:07,30.80,1319,40625
2026-01-02 09:44:08,30.80,1292,39794
2026-01-02 09:44:09,30.80,1299,40009
2026-01-02 09:44:10,30.80,1346,41457
2026-01-02 09:44:11,30.80,1308,40286
2026-01-02 09:44:12,30.80,1287,39640
2026-01-02 09:44:13,30.80,1298,39978
2026-01-02 09:44:14,30.80,1257,38716
2026-01-02 09:44:15,30.80,1295,39886
2026-01-02 09:44:16,30.80,1268,39054
2026-01-02 09:44:17,30.80,1308,40286
2026-01-02 09:44:18,30.80,1247,38408
2026-01-02 09:44:19,30.80,1343,41364
2026-01-02 09:44:20,30.80,1291,39763
2026-01-02 09:44:21,30.80,1336,41149
2026-01-02 09:44:22,30.80,1305,40194
2026-01-02 09:44:23,30.80,1255,38654
2026-01-02 09:44:24,30.80,1302,40102
2026-01-02 09:44:25,30.80,1273,39208
2026-01-02 09:44:26,30.80,1288,39670
2026-01-02 09:44:27,30.80,1377,42412
2026-01-02 09:44:28,30.80,1242,38254
2026-01-02 09:44:29,30.80,1222,37638
2026-01-02 09:44:30,30.80,1285,39578
2026-01-02 09:44:31,30.80,1296,39917
2026-01-02 09:44:32,30.80,1378,42442
2026-01-02 09:44:33,30.80,1229,37853
2026-01-02 09:44:34,30.80,1237,38100
2026-01-02 09:44:35,30.80,1241,38223
2026-01-02 09:44:36,30.80,1326,40841
2026-01-02 09:44:37,30.80,1266,38993
2026-01-02 09:44:38,30.80,1266,38993
2026-01-02 09:44:39,30.80,1210,37268
2026-01-02 09:44:40,30.80,1340,41272
2026-01-02 09:44:41,30.80,1253,38592
2026-01-02 09:44:42,30.80,1308,40286
2026-01-02 09:44:43,30.80,1299,40009
2026-01-02 09:44:44,30.80,1288,39670
2026-01-02 09:44:45,30.80,1311,40379
2026-01-02 09:44:46,30.80,1262,38870
2026-01-02 09:44:47,30.80,1275,39270
2026-01-02 09:44:48,30.80,1315,40502
2026-01-02 09:44:49,30.80,1270,39116
2026-01-02 09:44:50,30.80,1327,40872
2026-01-02 09:44:51,30.80,1266,38993
2026-01-02 09:44:52,30.80,1325,40810
2026-01-02 09:44:53,30.80,1261,38839
2026-01-02 09:44:54,30.80,1312,40410
2026-01-02 09:44:55,30.80,1282,39486
2026-01-02 09:44:56,30.80,1309,40317
2026-01-02 09:44:57,30.80,1285,39578
2026-01-02 09:44:58,30.80,1308,40286
2026-01-02 09:44:59,30.80,1260,38808
2026-01-02 09:45:00,30.80,1331,40995
2026-01-02 09:45:01,30.80,1330,40964
2026-01-02 09:45:02,30.80,1309,40317
2026-01-02 09:45:03,30.80,1226,37761
2026-01-02 09:45:04,30.80,1270,39116
2026-01-02 09:45:05,30.80,1274,39239
2026-01-02 09:45:06,30.80,1338,41210
2026-01-02 09:45:07,30.80,1281,39455
2026-01-02 09:45:08,30.80,1261,38839
2026-01-02 09:45:09,30.80,1276,39301
2026-01-02 09:45:10,30.80,1254,38623
2026-01-02 09:45:11,30.80,1244,38315
2026-01-02 09:45:12,30.80,1258,38746
2026-01-02 09:45:13,30.80,1168,35974
2026-01-02 09:45:14,30.80,1269,39085
2026-01-02 09:45:15,30.80,1291,39763
2026-01-02 09:45:16,30.80,1284,39547
2026-01-02 09:45:17,30.80,1317,40564
2026-01-02 09:45:18,30.80,1280,39424
2026-01-02 09:45:19,30.80,1320,40656
2026-01-02 09:45:20,30.80,1281,39455
2026-01-02 09:45:21,30.80,1270,39116
2026-01-02 09:45:22,30.80,1283,39516
2026-01-02 09:45:23,30.80,1302,40102
2026-01-02 09:45:24,30.80,1205,37114
2026-01-02 09:45:25,30.80,1330,40964
2026-01-02 09:45:26,30.80,1260,38808
2026-01-02 09:45:27,30.80,1282,39486
2026-01-02 09:45:28,30.80,1244,38315
2026-01-02 09:45:29,30.80,1280,39424
2026-01-02 09:45:30,30.80,1238,38130
2026-01-02 09:45:31,30.80,1222,37638
2026-01-02 09:45:32,30.80,1218,37514
2026-01-02 09:45:33,30.80,1273,39208
2026-01-02 09:45:34,30.80,1284,39547
2026-01-02 09:45:35,30.80,1322,40718
2026-01-02 09:45:36,30.80,1313,40440
2026-01-02 09:45:37,30.80,1278,39362
2026-01-02 09:45:38,30.80,1310,40348
2026-01-02 09:45:39,30.80,1238,38130
2026-01-02 09:45:40,30.80,1266,38993
2026-01-02 09:45:41,30.80,1265,38962
2026-01-02 09:45:42,30.80,1217,37484
2026-01-02 09:45:43,30.80,1254,38623
2026-01-02 09:45:44,30.80,1216,37453
2026-01-02 09:45:45,30.80,1223,37668
2026-01-02 09:45:46,30.80,1287,39640
2026-01-02 09:45:47,30.80,1247,38408
2026-01-02 09:45:48,30.80,1232,37946
2026-01-02 09:45:49,30.80,1263,38900
2026-01-02 09:45:50,30.80,1307,40256
2026-01-02 09:45:51,30.80,1330,40964
2026-01-02 09:45:52,30.80,1275,39270
2026-01-02 09:45:53,30.80,1213,37360
2026-01-02 09:45:54,30.80,1196,36837
2026-01-02 09:45:55,30.80,1300,40040
2026-01-02 09:45:56,30.80,1260,38808
2026-01-02 09:45:57,30.80,1304,40163
2026-01-02 09:45:58,30.80,1292,39794
2026-01-02 09:45:59,30.80,1244,38315
2026-01-02 09:46:00,30.80,1221,37607
2026-01-02 09:46:01,30.80,1287,39640
2026-01-02 09:46:02,30.80,1324,40779
2026-01-02 09:46:03,30.80,1298,39978
2026-01-02 09:46:04,30.80,1243,38284
2026-01-02 09:46:05,30.80,1283,39516
2026-01-02 09:46:06,30.80,1219,37545
2026-01-02 09:46:07,30.80,1278,39362
2026-01-02 09:46:08,30.80,1280,39424
2026-01-02 09:46:09,30.80,1200,36960
2026-01-02 09:46:10,30.80,1261,38839
2026-01-02 09:46:11,30.80,1211,37299
2026-01-02 09:46:12,30.80,1289,39701
2026-01-02 09:46:13,30.80,1255,38654
2026-01-02 09:46:14,30.80,1234,38007
2026-01-02 09:46:15,30.80,1262,38870
2026-01-02 09:46:16,30.80,1288,39670
2026-01-02 09:46:17,30.80,1220,37576
2026-01-02 09:46:18,30.80,1285,39578
2026-01-02 09:46:19,30.80,1223,37668
2026-01-02 09:46:20,30.80,1228,37822
2026-01-02 09:46:21,30.80,1218,37514
2026-01-02 09:46:22,30.80,1218,37514
2026-01-02 09:46:23,30.80,1249,38469
2026-01-02 09:46:24,30.80,1283,39516
2026-01-02 09:46:25,30.80,1258,38746
2026-01-02 09:46:26,30.42,1306,39729
2026-01-02 09:46:27,30.80,1273,39208
2026-01-02 09:46:28,30.80,1214,37391
2026-01-02 09:46:29,30.80,1194,36775
2026-01-02 09:46:30,30.80,1254,38623
2026-01-02 09:46:31,30.80,1276,39301
2026-01-02 09:46:32,30.80,1279,39393
2026-01-02 09:46:33,30.80,1308,40286
2026-01-02 09:46:34,30.80,1244,38315
2026-01-02 09:46:35,30.80,1256,38685
2026-01-02 09:46:36,30.80,1276,39301
2026-01-02 09:46:37,30.80,1202,37022
2026-01-02 09:46:38,30.80,1258,38746
2026-01-02 09:46:39,30.80,1221,37607
2026-01-02 09:46:40,30.80,1280,39424
2026-01-02 09:46:41,30.80,1274,39239
2026-01-02 09:46:42,30.80,1267,39024
2026-01-02 09:46:43,30.80,1327,40872
2026-01-02 09:46:44,30.80,1221,37607
2026-01-02 09:46:45,30.80,1209,37237
2026-01-02 09:46:46,30.80,1231,37915
2026-01-02 09:46:47,30.80,1261,38839
2026-01-02 09:46:48,30.80,1269,39085
2026-01-02 09:46:49,30.80,1263,38900
2026-01-02 09:46:50,30.80,1269,39085
2026-01-02 09:46:51,30.80,1223,37668
2026-01-02 09:46:52,30.80,1268,39054
2026-01-02 09:46:53,30.80,1268,39054
2026-01-02 09:46:54,30.80,1232,37946
2026-01-02 09:46:55,30.80,1236,38069
2026-01-02 09:46:56,30.80,1336,41149
2026-01-02 09:46:57,30.80,1227,37792
2026-01-02 09:46:58,30.80,1304,40163
2026-01-02 09:46:59,30.80,1241,38223
2026-01-02 09:47:00,30.80,1296,39917
2026-01-02 09:47:01,30.80,1220,37576
2026-01-02 09:47:02,30.80,1275,39270
2026-01-02 09:47:03,30.80,1220,37576
2026-01-02 09:47:04,30.80,1285,39578
2026-01-02 09:47:05,30.80,1258,38746
2026-01-02 09:47:06,30.80,1229,37853
2026-01-02 09:47:07,30.80,1239,38161
2026-01-02 09:47:08,30.80,1259,38777
2026-01-02 09:47:09,30.80,1254,38623
2026-01-02 09:47:10,30.80,1307,40256
2026-01-02 09:47:11,30.80,1178,36282
2026-01-02 09:47:12,30.80,1221,37607
2026-01-02 09:47:13,30.80,1308,40286
2026-01-02 09:47:14,30.80,1269,39085
2026-01-02 09:47:15,30.80,1231,37915
2026-01-02 09:47:16,30.80,1250,38500
2026-01-02 09:47:17,30.80,1293,39824
2026-01-02 09:47:18,30.80,1234,38007
2026-01-02 09:47:19,30.80,1249,38469
2026-01-02 09:47:20,30.80,1247,38408
2026-01-02 09:47:21,30.80,1281,39455
2026-01-02 09:47:22,30.80,1250,38500
2026-01-02 09:47:23,30.80,1186,36529
2026-01-02 09:47:24,30.80,1238,38130
2026-01-02 09:47:25,30.80,1219,37545
2026-01-02 09:47:26,30.80,1305,40194
2026-01-02 09:47:27,30.80,1202,37022
2026-01-02 09:47:28,30.80,1266,38993
2026-01-02 09:47:29,30.80,1179,36313
2026-01-02 09:47:30,30.80,1278,39362
2026-01-02 09:47:31,30.80,1312,40410
2026-01-02 09:47:32,30.80,1197,36868
2026-01-02 09:47:33,30.80,1230,37884
2026-01-02 09:47:34,30.80,1204,37083
2026-01-02 09:47:35,30.80,1208,37206
2026-01-02 09:47:36,30.80,1215,37422
2026-01-02 09:47:37,30.80,1275,39270
2026-01-02 09:47:38,30.80,1292,39794
2026-01-02 09:47:39,30.80,1227,37792
2026-01-02 09:47:40,30.80,1187,36560
2026-01-02 09:47:41,30.80,1261,38839
2026-01-02 09:47:42,30.80,1281,39455
2026-01-02 09:47:43,30.80,1218,37514
2026-01-02 09:47:44,30.80,1194,36775
2026-01-02 09:47:45,30.80,1256,38685
2026-01-02 09:47:46,30.80,1205,37114
2026-01-02 09:47:47,30.80,1266,38993
2026-01-02 09:47:48,30.80,1257,38716
2026-01-02 09:47:49,30.80,1247,38408
2026-01-02 09:47:50,30.80,1246,38377
2026-01-02 09:47:51,30.80,1240,38192
2026-01-02 09:47:52,30.80,1215,37422
2026-01-02 09:47:53,30.80,1173,36128
2026-01-02 09:47:54,30.80,1201,36991
2026-01-02 09:47:55,30.80,1270,39116
2026-01-02 09:47:56,30.80,1252,38562
2026-01-02 09:47:57,30.80,1206,37145
2026-01-02 09:47:58,30.80,1238,38130
2026-01-02 09:47:59,30.80,1178,36282
2026-01-02 09:48:00,30.80,1252,38562
2026-01-02 09:48:01,30.80,1252,38562
2026-01-02 09:48:02,30.80,1212,37330
2026-01-02 09:48:03,30.80,1237,38100
2026-01-02 09:48:04,30.80,1239,38161
2026-01-02 09:48:05,30.80,1220,37576
2026-01-02 09:48:06,30.80,1211,37299
2026-01-02 09:48:07,30.80,1178,36282
2026-01-02 09:48:08,30.80,1250,38500
2026-01-02 09:48:09,30.80,1233,37976
2026-01-02 09:48:10,30.80,1238,38130
2026-01-02 09:48:11,30.80,1231,37915
2026-01-02 09:48:12,30.80,1276,39301
2026-01-02 09:48:13,30.80,1261,38839
2026-01-02 09:48:14,30.80,1172,36098
2026-01-02 09:48:15,30.80,1258,38746
2026-01-02 09:48:16,30.80,1241,38223
2026-01-02 09:48:17,30.80,1246,38377
2026-01-02 09:48:18,30.80,1336,41149
2026-01-02 09:48:19,30.80,1201,36991
2026-01-02 09:48:20,30.80,1203,37052
2026-01-02 09:48:21,30.80,1242,38254
2026-01-02 09:48:22,30.80,1158,35666
2026-01-02 09:48:23,30.80,1215,37422
2026-01-02 09:48:24,30.80,1235,38038
2026-01-02 09:48:25,30.80,1205,37114
2026-01-02 09:48:26,30.80,1263,38900
2026-01-02 09:48:27,30.80,1237,38100
2026-01-02 09:48:28,30.58,1222,37369
2026-01-02 09:48:29,30.73,1222,37552
2026-01-02 09:48:30,30.80,1181,36375
2026-01-02 09:48:31,30.80,1240,38192
2026-01-02 09:48:32,30.80,1230,37884
2026-01-02 09:48:33,30.80,1216,37453
2026-01-02 09:48:34,30.80,1237,38100
2026-01-02 09:48:35,30.80,1227,37792
2026-01-02 09:48:36,30.80,1240,38192
2026-01-02 09:48:37,30.80,1240,38192
2026-01-02 09:48:38,30.80,1228,37822
2026-01-02 09:48:39,30.80,1260,38808
2026-01-02 09:48:40,30.80,1183,36436
2026-01-02 09:48:41,30.80,1253,38592
2026-01-02 09:48:42,30.80,1259,38777
2026-01-02 09:48:43,30.76,1228,37773
2026-01-02 09:48:44,30.80,1276,39301
2026-01-02 09:48:45,30.80,1222,37638
2026-01-02 09:48:46,30.80,1290,39732
2026-01-02 09:48:47,30.80,1235,38038
2026-01-02 09:48:48,30.80,1264,38931
2026-01-02 09:48:49,30.80,1229,37853
2026-01-02 09:48:50,30.66,1191,36516
2026-01-02 09:48:51,30.80,1228,37822
2026-01-02 09:48:52,30.80,1183,36436
2026-01-02 09:48:53,30.80,1293,39824
2026-01-02 09:48:54,30.51,1187,36215
2026-01-02 09:48:55,30.12,1233,37138
2026-01-02 09:48:56,30.03,1192,35796
2026-01-02 09:48:57,30.17,1246,37592
2026-01-02 09:48:58,29.99,1226,36768
2026-01-02 09:48:59,30.53,1241,37888
2026-01-02 09:49:00,30.76,1246,38327
2026-01-02 09:49:01,30.63,1232,37736
2026-01-02 09:49:02,30.61,1270,38875
2026-01-02 09:49:03,30.79,1200,36948
2026-01-02 09:49:04,30.80,1216,37453
2026-01-02 09:49:05,30.80,1209,37237
2026-01-02 09:49:06,30.80,1207,37176
2026-01-02 09:49:07,30.80,1217,37484
2026-01-02 09:49:08,30.80,1260,38808
2026-01-02 09:49:09,30.80,1203,37052
2026-01-02 09:49:10,30.80,1266,38993
2026-01-02 09:49:11,30.80,1180,36344
2026-01-02 09:49:12,30.70,1194,36656
2026-01-02 09:49:13,30.53,1215,37094
2026-01-02 09:49:14,30.11,1307,39354
2026-01-02 09:49:15,30.29,1195,36197
2026-01-02 09:49:16,30.29,1259,38135
2026-01-02 09:49:17,30.35,1263,38332
2026-01-02 09:49:18,30.77,1181,36339
2026-01-02 09:49:19,30.60,1165,35649
2026-01-02 09:49:20,30.80,1175,36190
2026-01-02 09:49:21,30.63,1265,38747
2026-01-02 09:49:22,30.42,1231,37447
2026-01-02 09:49:23,30.48,1193,36363
2026-01-02 09:49:24,30.55,1216,37149
2026-01-02 09:49:25,30.31,1235,37433
2026-01-02 09:49:26,30.05,1170,35158
2026-01-02 09:49:27,29.95,1161,34772
2026-01-02 09:49:28,30.27,1235,37383
2026-01-02 09:49:29,30.39,1238,37623
2026-01-02 09:49:30,29.86,1224,36549
2026-01-02 09:49:31,29.50,1230,36285
2026-01-02 09:49:32,29.53,1181,34875
2026-01-02 09:49:33,29.83,1198,35736
2026-01-02 09:49:34,30.21,1196,36131
2026-01-02 09:49:35,30.06,1246,37455
2026-01-02 09:49:36,30.29,1226,37136
2026-01-02 09:49:37,30.20,1239,37418
2026-01-02 09:49:38,30.33,1215,36851
2026-01-02 09:49:39,30.34,1190,36105
2026-01-02 09:49:40,30.41,1168,35519
2026-01-02 09:49:41,30.80,1215,37422
2026-01-02 09:49:42,30.80,1223,37668
2026-01-02 09:49:43,30.80,1226,37761
2026-01-02 09:49:44,30.59,1221,37350
2026-01-02 09:49:45,30.80,1212,37330
2026-01-02 09:49:46,30.80,1249,38469
2026-01-02 09:49:47,30.80,1227,37792
2026-01-02 09:49:48,30.80,1229,37853
2026-01-02 09:49:49,30.80,1165,35882
2026-01-02 09:49:50,30.80,1222,37638
2026-01-02 09:49:51,30.80,1225,37730
2026-01-02 09:49:52,30.80,1209,37237
2026-01-02 09:49:53,30.80,1164,35851
2026-01-02 09:49:54,30.80,1224,37699
2026-01-02 09:49:55,30.80,1190,36652
2026-01-02 09:49:56,30.80,1260,38808
2026-01-02 09:49:57,30.27,1198,36263
2026-01-02 09:49:58,30.22,1265,38228
2026-01-02 09:49:59,30.10,1195,35970
2026-01-02 09:50:00,30.19,1236,37315
2026-01-02 09:50:01,30.35,1127,34204
2026-01-02 09:50:02,30.43,1199,36486
2026-01-02 09:50:03,30.38,1205,36608
2026-01-02 09:50:04,30.24,1166,35260
2026-01-02 09:50:05,29.99,1200,35988
2026-01-02 09:50:06,30.42,1223,37204
2026-01-02 09:50:07,29.94,1252,37485
2026-01-02 09:50:08,29.50,1210,35695
2026-01-02 09:50:09,29.73,1198,35617
2026-01-02 09:50:10,29.91,1202,35952
2026-01-02 09:50:11,30.02,1175,35274
2026-01-02 09:50:12,29.85,1201,35850
2026-01-02 09:50:13,30.37,1146,34804
2026-01-02 09:50:14,30.16,1198,36132
2026-01-02 09:50:15,30.63,1217,37277
2026-01-02 09:50:16,30.72,1223,37571
2026-01-02 09:50:17,30.49,1239,37777
2026-01-02 09:50:18,30.80,1232,37946
2026-01-02 09:50:19,30.80,1182,36406
2026-01-02 09:50:20,30.80,1176,36221
2026-01-02 09:50:21,30.80,1194,36775
2026-01-02 09:50:22,30.68,1184,36325
2026-01-02 09:50:23,30.60,1239,37913
2026-01-02 09:50:24,30.71,1235,37927
2026-01-02 09:50:25,30.67,1123,34442
2026-01-02 09:50:26,30.38,1214,36881
2026-01-02 09:50:27,29.92,1158,34647
2026-01-02 09:50:28,30.01,1238,37152
2026-01-02 09:50:29,30.13,1199,36126
2026-01-02 09:50:30,30.31,1198,36311
2026-01-02 09:50:31,30.32,1180,35778
2026-01-02 09:50:32,30.15,1302,39255
2026-01-02 09:50:33,30.19,1190,35926
2026-01-02 09:50:34,30.36,1159,35187
2026-01-02 09:50:35,29.97,1218,36503
2026-01-02 09:50:36,29.80,1167,34777
2026-01-02 09:50:37,30.53,1132,34560
2026-01-02 09:50:38,30.32,1273,38597
2026-01-02 09:50:39,30.26,1201,36342
2026-01-02 09:50:40,30.37,1121,34045
2026-01-02 09:50:41,30.57,1227,37509
2026-01-02 09:50:42,30.70,1188,36472
2026-01-02 09:50:43,30.67,1173,35976
2026-01-02 09:50:44,30.80,1208,37206
2026-01-02 09:50:45,30.80,1159,35697
2026-01-02 09:50:46,30.64,1182,36216
2026-01-02 09:50:47,30.68,1200,36816
2026-01-02 09:50:48,30.39,1224,37197
2026-01-02 09:50:49,30.36,1207,36645
2026-01-02 09:50:50,30.78,1224,37675
2026-01-02 09:50:51,30.46,1229,37435
2026-01-02 09:50:52,30.23,1224,37002
2026-01-02 09:50:53,30.25,1211,36633
2026-01-02 09:50:54,30.55,1189,36324
2026-01-02 09:50:55,30.30,1212,36724
2026-01-02 09:50:56,30.02,1211,36354
2026-01-02 09:50:57,30.55,1203,36752
2026-01-02 09:50:58,30.44,1238,37685
2026-01-02 09:50:59,30.24,1222,36953
2026-01-02 09:51:00,30.80,1231,37915
2026-01-02 09:51:01,30.80,1221,37607
2026-01-02 09:51:02,30.80,1182,36406
2026-01-02 09:51:03,30.80,1200,36960
2026-01-02 09:51:04,30.80,1226,37761
2026-01-02 09:51:05,30.80,1222,37638
2026-01-02 09:51:06,30.80,1190,36652
2026-01-02 09:51:07,30.80,1231,37915
2026-01-02 09:51:08,30.80,1263,38900
2026-01-02 09:51:09,30.80,1216,37453
2026-01-02 09:51:10,30.80,1133,34896
2026-01-02 09:51:11,30.80,1154,35543
2026-01-02 09:51:12,30.80,1231,37915
2026-01-02 09:51:13,30.80,1236,38069
2026-01-02 09:51:14,30.80,1190,36652
2026-01-02 09:51:15,30.80,1162,35790
2026-01-02 09:51:16,30.80,1246,38377
2026-01-02 09:51:17,30.80,1202,37022
2026-01-02 09:51:18,30.80,1167,35944
2026-01-02 09:51:19,30.80,1218,37514
2026-01-02 09:51:20,30.80,1223,37668
2026-01-02 09:51:21,30.80,1166,35913
2026-01-02 09:51:22,30.80,1200,36960
2026-01-02 09:51:23,30.80,1191,36683
2026-01-02 09:51:24,30.80,1182,36406
2026-01-02 09:51:25,30.80,1213,37360
2026-01-02 09:51:26,30.80,1152,35482
2026-01-02 09:51:27,30.80,1263,38900
2026-01-02 09:51:28,30.80,1205,37114
2026-01-02 09:51:29,30.80,1216,37453
2026-01-02 09:51:30,30.80,1239,38161
2026-01-02 09:51:31,30.80,1157,35636
2026-01-02 09:51:32,30.80,1192,36714
2026-01-02 09:51:33,30.80,1192,36714
2026-01-02 09:51:34,30.80,1194,36775
2026-01-02 09:51:35,30.80,1241,38223
2026-01-02 09:51:36,30.80,1240,38192
2026-01-02 09:51:37,30.80,1179,36313
2026-01-02 09:51:38,30.80,1176,36221
2026-01-02 09:51:39,30.80,1185,36498
2026-01-02 09:51:40,30.80,1176,36221
2026-01-02 09:51:41,30.80,1205,37114
2026-01-02 09:51:42,30.80,1216,37453
2026-01-02 09:51:43,30.80,1168,35974
2026-01-02 09:51:44,30.80,1155,35574
2026-01-02 09:51:45,30.80,1240,38192
2026-01-02 09:51:46,30.80,1252,38562
2026-01-02 09:51:47,30.80,1188,36590
2026-01-02 09:51:48,30.80,1190,36652
2026-01-02 09:51:49,30.80,1226,37761
2026-01-02 09:51:50,30.80,1209,37237
2026-01-02 09:51:51,30.80,1214,37391
2026-01-02 09:51:52,30.80,1199,36929
2026-01-02 09:51:53,30.80,1198,36898
2026-01-02 09:51:54,30.80,1237,38100
2026-01-02 09:51:55,30.80,1123,34588
2026-01-02 09:51:56,30.80,1221,37607
2026-01-02 09:51:57,30.80,1200,36960
2026-01-02 09:51:58,30.80,1168,35974
2026-01-02 09:51:59,30.80,1147,35328
2026-01-02 09:52:00,30.80,1128,34742
2026-01-02 09:52:01,30.80,1173,36128
2026-01-02 09:52:02,30.80,1156,35605
2026-01-02 09:52:03,30.80,1193,36744
2026-01-02 09:52:04,30.80,1219,37545
2026-01-02 09:52:05,30.80,1146,35297
2026-01-02 09:52:06,30.80,1163,35820
2026-01-02 09:52:07,30.80,1208,37206
2026-01-02 09:52:08,30.80,1180,36344
2026-01-02 09:52:09,30.80,1154,35543
2026-01-02 09:52:10,30.80,1149,35389
2026-01-02 09:52:11,30.80,1169,36005
2026-01-02 09:52:12,30.80,1186,36529
2026-01-02 09:52:13,30.80,1171,36067
2026-01-02 09:52:14,30.80,1178,36282
2026-01-02 09:52:15,30.80,1098,33818
2026-01-02 09:52:16,30.80,1163,35820
2026-01-02 09:52:17,30.80,1111,34219
2026-01-02 09:52:18,30.80,1176,36221
2026-01-02 09:52:19,30.80,1204,37083
2026-01-02 09:52:20,30.80,1106,34065
2026-01-02 09:52:21,30.80,1117,34404
2026-01-02 09:52:22,30.80,1185,36498
2026-01-02 09:52:23,30.80,1149,35389
2026-01-02 09:52:24,30.80,1214,37391
2026-01-02 09:52:25,30.80,1209,37237
2026-01-02 09:52:26,30.80,1215,37422
2026-01-02 09:52:27,30.80,1175,36190
2026-01-02 09:52:28,30.80,1207,37176
2026-01-02 09:52:29,30.80,1173,36128
2026-01-02 09:52:30,30.80,1139,35081
2026-01-02 09:52:31,30.80,1172,36098
2026-01-02 09:52:32,30.80,1212,37330
2026-01-02 09:52:33,30.80,1149,35389
2026-01-02 09:52:34,30.80,1245,38346
2026-01-02 09:52:35,30.80,1136,34989
2026-01-02 09:52:36,30.80,1219,37545
2026-01-02 09:52:37,30.80,1187,36560
2026-01-02 09:52:38,30.80,1186,36529
2026-01-02 09:52:39,30.80,1207,37176
2026-01-02 09:52:40,30.80,1139,35081
2026-01-02 09:52:41,30.80,1155,35574
2026-01-02 09:52:42,30.80,1201,36991
2026-01-02 09:52:43,30.80,1107,34096
2026-01-02 09:52:44,30.80,1238,38130
2026-01-02 09:52:45,30.80,1207,37176
2026-01-02 09:52:46,30.80,1200,36960
2026-01-02 09:52:47,30.80,1142,35174
2026-01-02 09:52:48,30.80,1174,36159
2026-01-02 09:52:49,30.80,1241,38223
2026-01-02 09:52:50,30.80,1169,36005
2026-01-02 09:52:51,30.80,1167,35944
2026-01-02 09:52:52,30.80,1244,38315
2026-01-02 09:52:53,30.80,1161,35759
2026-01-02 09:52:54,30.80,1114,34311
2026-01-02 09:52:55,30.80,1156,35605
2026-01-02 09:52:56,30.80,1167,35944
2026-01-02 09:52:57,30.80,1205,37114
2026-01-02 09:52:58,30.80,1141,35143
2026-01-02 09:52:59,30.80,1140,35112
2026-01-02 09:53:00,30.80,1130,34804
2026-01-02 09:53:01,30.80,1195,36806
2026-01-02 09:53:02,30.80,1206,37145
2026-01-02 09:53:03,30.80,1215,37422
2026-01-02 09:53:04,30.80,1231,37915
2026-01-02 09:53:05,30.80,1170,36036
2026-01-02 09:53:06,30.80,1163,35820
2026-01-02 09:53:07,30.80,1202,37022
2026-01-02 09:53:08,30.80,1185,36498
2026-01-02 09:53:09,30.80,1179,36313
2026-01-02 09:53:10,30.80,1254,38623
2026-01-02 09:53:11,30.80,1163,35820
2026-01-02 09:53:12,30.80,1181,36375
2026-01-02 09:53:13,30.80,1188,36590
2026-01-02 09:53:14,30.80,1161,35759
2026-01-02 09:53:15,30.80,1172,36098
2026-01-02 09:53:16,30.80,1146,35297
2026-01-02 09:53:17,30.80,1142,35174
2026-01-02 09:53:18,30.80,1147,35328
2026-01-02 09:53:19,30.80,1211,37299
2026-01-02 09:53:20,30.80,1122,34558
2026-01-02 09:53:21,30.80,1138,35050
2026-01-02 09:53:22,30.80,1149,35389
2026-01-02 09:53:23,30.80,1175,36190
2026-01-02 09:53:24,30.80,1175,36190
2026-01-02 09:53:25,30.80,1208,37206
2026-01-02 09:53:26,30.80,1144,35235
2026-01-02 09:53:27,30.80,1114,34311
2026-01-02 09:53:28,30.80,1180,36344
2026-01-02 09:53:29,30.80,1208,37206
2026-01-02 09:53:30,30.80,1160,35728
2026-01-02 09:53:31,30.80,1174,36159
2026-01-02 09:53:32,30.80,1179,36313
2026-01-02 09:53:33,30.80,1173,36128
2026-01-02 09:53:34,30.80,1184,36467
2026-01-02 09:53:35,30.80,1163,35820
2026-01-02 09:53:36,30.80,1158,35666
2026-01-02 09:53:37,30.80,1139,35081
2026-01-02 09:53:38,30.80,1219,37545
2026-01-02 09:53:39,30.80,1182,36406
2026-01-02 09:53:40,30.80,1127,34712
2026-01-02 09:53:41,30.80,1230,37884
2026-01-02 09:53:42,30.80,1199,36929
2026-01-02 09:53:43,30.80,1180,36344
2026-01-02 09:53:44,30.80,1083,33356
2026-01-02 09:53:45,30.80,1153,35512
2026-01-02 09:53:46,30.80,1164,35851
2026-01-02 09:53:47,30.80,1184,36467
2026-01-02 09:53:48,30.80,1168,35974
2026-01-02 09:53:49,30.80,1155,35574
2026-01-02 09:53:50,30.80,1116,34373
2026-01-02 09:53:51,30.80,1135,34958
2026-01-02 09:53:52,30.80,1188,36590
2026-01-02 09:53:53,30.80,1153,35512
2026-01-02 09:53:54,30.80,1173,36128
2026-01-02 09:53:55,30.80,1193,36744
2026-01-02 09:53:56,30.80,1147,35328
2026-01-02 09:53:57,30.80,1177,36252
2026-01-02 09:53:58,30.80,1126,34681
2026-01-02 09:53:59,30.80,1159,35697
2026-01-02 09:54:00,30.80,1196,36837
2026-01-02 09:54:01,30.80,1173,36128
2026-01-02 09:54:02,30.80,1132,34866
2026-01-02 09:54:03,30.80,1173,36128
2026-01-02 09:54:04,30.80,1144,35235
2026-01-02 09:54:05,30.80,1150,35420
2026-01-02 09:54:06,30.80,1216,37453
2026-01-02 09:54:07,30.80,1158,35666
2026-01-02 09:54:08,30.80,1109,34157
2026-01-02 09:54:09,30.80,1120,34496
2026-01-02 09:54:10,30.80,1149,35389
2026-01-02 09:54:11,30.80,1123,34588
2026-01-02 09:54:12,30.80,1145,35266
2026-01-02 09:54:13,30.80,1091,33603
2026-01-02 09:54:14,30.80,1139,35081
2026-01-02 09:54:15,30.80,1121,34527
2026-01-02 09:54:16,30.80,1170,36036
2026-01-02 09:54:17,30.80,1175,36190
2026-01-02 09:54:18,30.80,1104,34003
2026-01-02 09:54:19,30.80,1088,33510
2026-01-02 09:54:20,30.80,1157,35636
2026-01-02 09:54:21,30.80,1140,35112
2026-01-02 09:54:22,30.80,1209,37237
2026-01-02 09:54:23,30.80,1142,35174
2026-01-02 09:54:24,30.80,1231,37915
2026-01-02 09:54:25,30.80,1169,36005
2026-01-02 09:54:26,30.80,1153,35512
2026-01-02 09:54:27,30.80,1180,36344
2026-01-02 09:54:28,30.80,1118,34434
2026-01-02 09:54:29,30.80,1158,35666
2026-01-02 09:54:30,30.80,1195,36806
2026-01-02 09:54:31,30.80,1150,35420
2026-01-02 09:54:32,30.80,1132,34866
2026-01-02 09:54:33,30.80,1193,36744
2026-01-02 09:54:34,30.80,1112,34250
2026-01-02 09:54:35,30.80,1195,36806
2026-01-02 09:54:36,30.80,1087,33480
2026-01-02 09:54:37,30.80,1133,34896
2026-01-02 09:54:38,30.80,1136,34989
2026-01-02 09:54:39,30.80,1115,34342
2026-01-02 09:54:40,30.80,1113,34280
2026-01-02 09:54:41,30.80,1124,34619
2026-01-02 09:54:42,30.80,1227,37792
2026-01-02 09:54:43,30.80,1160,35728
2026-01-02 09:54:44,30.80,1188,36590
2026-01-02 09:54:45,30.80,1174,36159
2026-01-02 09:54:46,30.80,1166,35913
2026-01-02 09:54:47,30.80,1140,35112
2026-01-02 09:54:48,30.80,1098,33818
2026-01-02 09:54:49,30.80,1159,35697
2026-01-02 09:54:50,30.80,1207,37176
2026-01-02 09:54:51,30.80,1176,36221
2026-01-02 09:54:52,30.80,1159,35697
2026-01-02 09:54:53,30.80,1163,35820
2026-01-02 09:54:54,30.80,1155,35574
2026-01-02 09:54:55,30.80,1174,36159
2026-01-02 09:54:56,30.80,1141,35143
2026-01-02 09:54:57,30.80,1218,37514
2026-01-02 09:54:58,30.80,1145,35266
2026-01-02 09:54:59,30.80,1113,34280
2026-01-02 09:55:00,30.80,1134,34927
2026-01-02 09:55:01,30.80,1119,34465
2026-01-02 09:55:02,30.80,1181,36375
2026-01-02 09:55:03,30.80,1140,35112
2026-01-02 09:55:04,30.80,1168,35974
2026-01-02 09:55:05,30.80,1206,37145
2026-01-02 09:55:06,30.80,1130,34804
2026-01-02 09:55:07,30.80,1111,34219
2026-01-02 09:55:08,30.80,1179,36313
2026-01-02 09:55:09,30.80,1162,35790
2026-01-02 09:55:10,30.80,1109,34157
2026-01-02 09:55:11,30.80,1190,36652
2026-01-02 09:55:12,30.80,1199,36929
2026-01-02 09:55:13,30.80,1165,35882
2026-01-02 09:55:14,30.80,1149,35389
2026-01-02 09:55:15,30.80,1098,33818
2026-01-02 09:55:16,30.80,1156,35605
2026-01-02 09:55:17,30.80,1108,34126
2026-01-02 09:55:18,30.80,1199,36929
2026-01-02 09:55:19,30.80,1174,36159
2026-01-02 09:55:20,30.80,1122,34558
2026-01-02 09:55:21,30.80,1201,36991
2026-01-02 09:55:22,30.80,1138,35050
2026-01-02 09:55:23,30.80,1138,35050
2026-01-02 09:55:24,30.80,1158,35666
2026-01-02 09:55:25,30.80,1149,35389
2026-01-02 09:55:26,30.80,1146,35297
2026-01-02 09:55:27,30.80,1131,34835
2026-01-02 09:55:28,30.80,1085,33418
2026-01-02 09:55:29,30.80,1088,33510
2026-01-02 09:55:30,30.80,1115,34342
2026-01-02 09:55:31,30.80,1171,36067
2026-01-02 09:55:32,30.80,1148,35358
2026-01-02 09:55:33,30.80,1211,37299
2026-01-02 09:55:34,30.80,1150,35420
2026-01-02 09:55:35,30.80,1158,35666
2026-01-02 09:55:36,30.80,1147,35328
2026-01-02 09:55:37,30.80,1139,35081
2026-01-02 09:55:38,30.80,1120,34496
2026-01-02 09:55:39,30.80,1187,36560
2026-01-02 09:55:40,30.80,1171,36067
2026-01-02 09:55:41,30.80,1141,35143
2026-01-02 09:55:42,30.80,1087,33480
2026-01-02 09:55:43,30.80,1150,35420
2026-01-02 09:55:44,30.80,1155,35574
2026-01-02 09:55:45,30.80,1112,34250
2026-01-02 09:55:46,30.80,1085,33418
2026-01-02 09:55:47,30.80,1134,34927
2026-01-02 09:55:48,30.80,1171,36067
2026-01-02 09:55:49,30.80,1118,34434
2026-01-02 09:55:50,30.80,1133,34896
2026-01-02 09:55:51,30.80,1182,36406
2026-01-02 09:55:52,30.80,1134,34927
2026-01-02 09:55:53,30.80,1121,34527
2026-01-02 09:55:54,30.80,1132,34866
2026-01-02 09:55:55,30.80,1144,35235
2026-01-02 09:55:56,30.80,1165,35882
2026-01-02 09:55:57,30.80,1170,36036
2026-01-02 09:55:58,30.80,1158,35666
2026-01-02 09:55:59,30.80,1199,36929
2026-01-02 09:56:00,30.80,1134,34927
2026-01-02 09:56:01,30.80,1124,34619
2026-01-02 09:56:02,30.80,1154,35543
2026-01-02 09:56:03,30.80,1084,33387
2026-01-02 09:56:04,30.80,1116,34373
2026-01-02 09:56:05,30.80,1157,35636
2026-01-02 09:56:06,30.80,1172,36098
2026-01-02 09:56:07,30.80,1080,33264
2026-01-02 09:56:08,30.80,1171,36067
2026-01-02 09:56:09,30.80,1133,34896
2026-01-02 09:56:10,30.80,1121,34527
2026-01-02 09:56:11,30.80,1113,34280
2026-01-02 09:56:12,30.80,1139,35081
2026-01-02 09:56:13,30.80,1166,35913
2026-01-02 09:56:14,30.80,1131,34835
2026-01-02 09:56:15,30.80,1145,35266
2026-01-02 09:56:16,30.80,1125,34650
2026-01-02 09:56:17,30.80,1062,32710
2026-01-02 09:56:18,30.80,1154,35543
2026-01-02 09:56:19,30.80,1183,36436
2026-01-02 09:56:20,30.80,1128,34742
2026-01-02 09:56:21,30.80,1051,32371
2026-01-02 09:56:22,30.80,1150,35420
2026-01-02 09:56:23,30.80,1093,33664
2026-01-02 09:56:24,30.80,1131,34835
2026-01-02 09:56:25,30.80,1100,33880
2026-01-02 09:56:26,30.80,1158,35666
2026-01-02 09:56:27,30.80,1139,35081
2026-01-02 09:56:28,30.80,1128,34742
2026-01-02 09:56:29,30.80,1105,34034
2026-01-02 09:56:30,30.80,1129,34773
2026-01-02 09:56:31,30.80,1178,36282
2026-01-02 09:56:32,30.80,1081,33295
2026-01-02 09:56:33,30.80,1130,34804
2026-01-02 09:56:34,30.80,1106,34065
2026-01-02 09:56:35,30.80,1101,33911
2026-01-02 09:56:36,30.80,1099,33849
2026-01-02 09:56:37,30.80,1172,36098
2026-01-02 09:56:38,30.80,1093,33664
2026-01-02 09:56:39,30.80,1134,34927
2026-01-02 09:56:40,30.80,1154,35543
2026-01-02 09:56:41,30.80,1145,35266
2026-01-02 09:56:42,30.80,1152,35482
2026-01-02 09:56:43,30.80,1172,36098
2026-01-02 09:56:44,30.80,1098,33818
2026-01-02 09:56:45,30.80,1164,35851
2026-01-02 09:56:46,30.80,1026,31601
2026-01-02 09:56:47,30.80,1123,34588
2026-01-02 09:56:48,30.80,1110,34188
2026-01-02 09:56:49,30.80,1080,33264
2026-01-02 09:56:50,30.80,1143,35204
2026-01-02 09:56:51,30.80,1137,35020
2026-01-02 09:56:52,30.80,1110,34188
2026-01-02 09:56:53,30.80,1166,35913
2026-01-02 09:56:54,30.80,1163,35820
2026-01-02 09:56:55,30.80,1165,35882
2026-01-02 09:56:56,30.80,1097,33788
2026-01-02 09:56:57,30.80,1101,33911
2026-01-02 09:56:58,30.80,1131,34835
2026-01-02 09:56:59,30.80,1114,34311
2026-01-02 09:57:00,30.80,1072,33018
2026-01-02 09:57:01,30.80,1105,34034
2026-01-02 09:57:02,30.80,1155,35574
2026-01-02 09:57:03,30.80,1153,35512
2026-01-02 09:57:04,30.80,1080,33264
2026-01-02 09:57:05,30.80,1144,35235
2026-01-02 09:57:06,30.80,1140,35112
2026-01-02 09:57:07,30.80,1116,34373
2026-01-02 09:57:08,30.80,1085,33418
2026-01-02 09:57:09,30.80,1117,34404
2026-01-02 09:57:10,30.80,1038,31970
2026-01-02 09:57:11,30.80,1129,34773
2026-01-02 09:57:12,30.80,1175,36190
2026-01-02 09:57:13,30.80,1119,34465
2026-01-02 09:57:14,30.80,1144,35235
2026-01-02 09:57:15,30.80,1093,33664
2026-01-02 09:57:16,30.80,1110,34188
2026-01-02 09:57:17,30.80,1197,36868
2026-01-02 09:57:18,30.80,1162,35790
2026-01-02 09:57:19,30.80,1117,34404
2026-01-02 09:57:20,30.80,1111,34219
2026-01-02 09:57:21,30.80,1149,35389
2026-01-02 09:57:22,30.80,1116,34373
2026-01-02 09:57:23,30.80,1141,35143
2026-01-02 09:57:24,30.80,1128,34742
2026-01-02 09:57:25,30.80,1213,37360
2026-01-02 09:57:26,30.80,1137,35020
2026-01-02 09:57:27,30.80,1116,34373
2026-01-02 09:57:28,30.80,1203,37052
2026-01-02 09:57:29,30.80,1164,35851
2026-01-02 09:57:30,30.80,1123,34588
2026-01-02 09:57:31,30.80,1087,33480
2026-01-02 09:57:32,30.80,1066,32833
2026-01-02 09:57:33,30.80,1202,37022
2026-01-02 09:57:34,30.80,1177,36252
2026-01-02 09:57:35,30.80,1109,34157
2026-01-02 09:57:36,30.80,1038,31970
2026-01-02 09:57:37,30.80,1077,33172
2026-01-02 09:57:38,30.80,1179,36313
2026-01-02 09:57:39,30.80,1090,33572
2026-01-02 09:57:40,30.80,1091,33603
2026-01-02 09:57:41,30.80,1101,33911
2026-01-02 09:57:42,30.80,1157,35636
2026-01-02 09:57:43,30.80,1122,34558
2026-01-02 09:57:44,30.80,1091,33603
2026-01-02 09:57:45,30.80,1149,35389
2026-01-02 09:57:46,30.80,1148,35358
2026-01-02 09:57:47,30.80,1064,32771
2026-01-02 09:57:48,30.80,1110,34188
2026-01-02 09:57:49,30.80,1062,32710
2026-01-02 09:57:50,30.80,1138,35050
2026-01-02 09:57:51,30.80,1144,35235
2026-01-02 09:57:52,30.80,1093,33664
2026-01-02 09:57:53,30.80,1106,34065
2026-01-02 09:57:54,30.80,1154,35543
2026-01-02 09:57:55,30.80,1074,33079
2026-01-02 09:57:56,30.80,1136,34989
2026-01-02 09:57:57,30.80,1105,34034
2026-01-02 09:57:58,30.80,1130,34804
2026-01-02 09:57:59,30.80,1096,33757
2026-01-02 09:58:00,30.80,1113,34280
2026-01-02 09:58:01,30.80,1119,34465
2026-01-02 09:58:02,30.80,1128,34742
2026-01-02 09:58:03,30.80,1154,35543
2026-01-02 09:58:04,30.80,1101,33911
2026-01-02 09:58:05,30.80,1116,34373
2026-01-02 09:58:06,30.80,1114,34311
2026-01-02 09:58:07,30.80,1075,33110
2026-01-02 09:58:08,30.80,1107,34096
2026-01-02 09:58:09,30.80,1106,34065
2026-01-02 09:58:10,30.80,1136,34989
2026-01-02 09:58:11,30.80,1103,33972
2026-01-02 09:58:12,30.80,1115,34342
2026-01-02 09:58:13,30.80,1120,34496
2026-01-02 09:58:14,30.80,1104,34003
2026-01-02 09:58:15,30.80,1050,32340
2026-01-02 09:58:16,30.80,1101,33911
2026-01-02 09:58:17,30.80,1076,33141
2026-01-02 09:58:18,30.80,1082,33326
2026-01-02 09:58:19,30.80,1131,34835
2026-01-02 09:58:20,30.80,1093,33664
2026-01-02 09:58:21,30.80,1110,34188
2026-01-02 09:58:22,30.80,1074,33079
2026-01-02 09:58:23,30.80,1048,32278
2026-01-02 09:58:24,30.80,1090,33572
2026-01-02 09:58:25,30.80,1082,33326
2026-01-02 09:58:26,30.80,1062,32710
2026-01-02 09:58:27,30.80,1149,35389
2026-01-02 09:58:28,30.80,1129,34773
2026-01-02 09:58:29,30.80,1119,34465
2026-01-02 09:58:30,30.80,1053,32432
2026-01-02 09:58:31,30.80,1145,35266
2026-01-02 09:58:32,30.80,1101,33911
2026-01-02 09:58:33,30.80,1080,33264
2026-01-02 09:58:34,30.80,1047,32248
2026-01-02 09:58:35,30.80,1122,34558
2026-01-02 09:58:36,30.80,1129,34773
2026-01-02 09:58:37,30.80,1086,33449
2026-01-02 09:58:38,30.80,1103,33972
2026-01-02 09:58:39,30.80,1128,34742
2026-01-02 09:58:40,30.80,1114,34311
2026-01-02 09:58:41,30.80,1129,34773
2026-01-02 09:58:42,30.80,1152,35482
2026-01-02 09:58:43,30.80,1120,34496
2026-01-02 09:58:44,30.80,1089,33541
2026-01-02 09:58:45,30.80,1032,31786
2026-01-02 09:58:46,30.80,1119,34465
2026-01-02 09:58:47,30.80,1109,34157
2026-01-02 09:58:48,30.80,1097,33788
2026-01-02 09:58:49,30.80,1112,34250
2026-01-02 09:58:50,30.80,1096,33757
2026-01-02 09:58:51,30.80,1121,34527
2026-01-02 09:58:52,30.80,1109,34157
2026-01-02 09:58:53,30.80,1060,32648
2026-01-02 09:58:54,30.80,1099,33849
2026-01-02 09:58:55,30.80,1108,34126
2026-01-02 09:58:56,30.80,1091,33603
2026-01-02 09:58:57,30.80,1096,33757
2026-01-02 09:58:58,30.80,1096,33757
2026-01-02 09:58:59,30.80,1084,33387
2026-01-02 09:59:00,30.80,1087,33480
2026-01-02 09:59:01,30.80,1081,33295
2026-01-02 09:59:02,30.80,1120,34496
2026-01-02 09:59:03,30.80,1117,34404
2026-01-02 09:59:04,30.80,1053,32432
2026-01-02 09:59:05,30.80,1100,33880
2026-01-02 09:59:06,30.80,1088,33510
2026-01-02 09:59:07,30.80,1122,34558
2026-01-02 09:59:08,30.80,1078,33202
2026-01-02 09:59:09,30.80,1149,35389
2026-01-02 09:59:10,30.80,1115,34342
2026-01-02 09:59:11,30.80,1110,34188
2026-01-02 09:59:12,30.80,1060,32648
2026-01-02 09:59:13,30.80,1088,33510
2026-01-02 09:59:14,30.80,1158,35666
2026-01-02 09:59:15,30.80,1107,34096
2026-01-02 09:59:16,30.80,1061,32679
2026-01-02 09:59:17,30.80,1088,33510
2026-01-02 09:59:18,30.80,1070,32956
2026-01-02 09:59:19,30.80,1113,34280
2026-01-02 09:59:20,30.80,1090,33572
2026-01-02 09:59:21,30.80,1082,33326
2026-01-02 09:59:22,30.80,1129,34773
2026-01-02 09:59:23,30.80,1105,34034
2026-01-02 09:59:24,30.80,1013,31200
2026-01-02 09:59:25,30.80,1121,34527
2026-01-02 09:59:26,30.80,1077,33172
2026-01-02 09:59:27,30.80,1118,34434
2026-01-02 09:59:28,30.80,1139,35081
2026-01-02 09:59:29,30.80,1119,34465
2026-01-02 09:59:30,30.80,1117,34404
2026-01-02 09:59:31,30.80,1125,34650
2026-01-02 09:59:32,30.80,1089,33541
2026-01-02 09:59:33,30.80,1158,35666
2026-01-02 09:59:34,30.80,1089,33541
2026-01-02 09:59:35,30.80,1120,34496
2026-01-02 09:59:36,30.80,1128,34742
2026-01-02 09:59:37,30.80,1077,33172
2026-01-02 09:59:38,30.80,1091,33603
2026-01-02 09:59:39,30.80,1038,31970
2026-01-02 09:59:40,30.80,1098,33818
2026-01-02 09:59:41,30.80,1079,33233
2026-01-02 09:59:42,30.80,1100,33880
2026-01-02 09:59:43,30.80,1059,32617
2026-01-02 09:59:44,30.80,1116,34373
2026-01-02 09:59:45,30.80,1076,33141
2026-01-02 09:59:46,30.80,1117,34404
2026-01-02 09:59:47,30.80,1068,32894
2026-01-02 09:59:48,30.80,1058,32586
2026-01-02 09:59:49,30.80,1157,35636
2026-01-02 09:59:50,30.80,1119,34465
2026-01-02 09:59:51,30.80,1180,36344
2026-01-02 09:59:52,30.80,1086,33449
2026-01-02 09:59:53,30.80,1097,33788
2026-01-02 09:59:54,30.80,1094,33695
2026-01-02 09:59:55,30.80,1075,33110
2026-01-02 09:59:56,30.80,1019,31385
2026-01-02 09:59:57,30.80,1093,33664
2026-01-02 09:59:58,30.80,1027,31632
2026-01-02 09:59:59,30.80,1093,33664
2026-01-02 10:00:00,30.80,1109,34157
2026-01-02 10:00:01,30.80,1113,34280
2026-01-02 10:00:02,30.80,1059,32617
2026-01-02 10:00:03,30.80,1081,33295
2026-01-02 10:00:04,30.80,1079,33233
2026-01-02 10:00:05,30.80,1072,33018
2026-01-02 10:00:06,30.80,1070,32956
2026-01-02 10:00:07,30.80,1039,32001
2026-01-02 10:00:08,30.80,1097,33788
2026-01-02 10:00:09,30.80,1053,32432
2026-01-02 10:00:10,30.80,1085,33418
2026-01-02 10:00:11,30.80,1113,34280
2026-01-02 10:00:12,30.80,1066,32833
2026-01-02 10:00:13,30.80,1080,33264
2026-01-02 10:00:14,30.80,1131,34835
2026-01-02 10:00:15,30.80,1089,33541
2026-01-02 10:00:16,30.80,1069,32925
2026-01-02 10:00:17,30.80,1045,32186
2026-01-02 10:00:18,30.80,1053,32432
2026-01-02 10:00:19,30.80,1089,33541
2026-01-02 10:00:20,30.80,1132,34866
2026-01-02 10:00:21,30.80,1132,34866
2026-01-02 10:00:22,30.80,1049,32309
2026-01-02 10:00:23,30.80,1148,35358
2026-01-02 10:00:24,30.80,1115,34342
2026-01-02 10:00:25,30.80,1026,31601
2026-01-02 10:00:26,30.80,1002,30862
2026-01-02 10:00:27,30.80,1114,34311
2026-01-02 10:00:28,30.80,1120,34496
2026-01-02 10:00:29,30.80,1132,34866
2026-01-02 10:00:30,30.80,1008,31046
2026-01-02 10:00:31,30.80,1078,33202
2026-01-02 10:00:32,30.80,1067,32864
2026-01-02 10:00:33,30.80,1037,31940
2026-01-02 10:00:34,30.80,1035,31878
2026-01-02 10:00:35,30.80,1087,33480
2026-01-02 10:00:36,30.80,1078,33202
2026-01-02 10:00:37,30.80,1063,32740
2026-01-02 10:00:38,30.80,1060,32648
2026-01-02 10:00:39,30.80,1012,31170
2026-01-02 10:00:40,30.80,1103,33972
2026-01-02 10:00:41,30.80,1057,32556
2026-01-02 10:00:42,30.80,1091,33603
2026-01-02 10:00:43,30.80,1091,33603
2026-01-02 10:00:44,30.80,1057,32556
2026-01-02 10:00:45,30.80,1102,33942
2026-01-02 10:00:46,30.80,1091,33603
2026-01-02 10:00:47,30.80,1100,33880
2026-01-02 10:00:48,30.80,1046,32217
2026-01-02 10:00:49,30.80,1142,35174
2026-01-02 10:00:50,30.80,1077,33172
2026-01-02 10:00:51,30.80,1061,32679
2026-01-02 10:00:52,30.80,1128,34742
2026-01-02 10:00:53,30.80,1036,31909
2026-01-02 10:00:54,30.80,1111,34219
2026-01-02 10:00:55,30.80,1108,34126
2026-01-02 10:00:56,30.80,1072,33018
2026-01-02 10:00:57,30.80,1031,31755
2026-01-02 10:00:58,30.80,1030,31724
2026-01-02 10:00:59,30.80,1083,33356
2026-01-02 10:01:00,30.80,1100,33880
2026-01-02 10:01:01,30.80,1084,33387
2026-01-02 10:01:02,30.80,1075,33110
2026-01-02 10:01:03,30.80,1045,32186
2026-01-02 10:01:04,30.80,1047,32248
2026-01-02 10:01:05,30.80,1048,32278
2026-01-02 10:01:06,30.80,1039,32001
2026-01-02 10:01:07,30.80,1111,34219
2026-01-02 10:01:08,30.80,1035,31878
2026-01-02 10:01:09,30.80,1016,31293
2026-01-02 10:01:10,30.80,1045,32186
2026-01-02 10:01:11,30.80,1032,31786
2026-01-02 10:01:12,30.80,1125,34650
2026-01-02 10:01:13,30.80,1106,34065
2026-01-02 10:01:14,30.80,1019,31385
2026-01-02 10:01:15,30.80,1092,33634
2026-01-02 10:01:16,30.80,1007,31016
2026-01-02 10:01:17,30.80,1108,34126
2026-01-02 10:01:18,30.80,1064,32771
2026-01-02 10:01:19,30.80,1052,32402
2026-01-02 10:01:20,30.80,1071,32987
2026-01-02 10:01:21,30.80,1064,32771
2026-01-02 10:01:22,30.80,1129,34773
2026-01-02 10:01:23,30.80,1083,33356
2026-01-02 10:01:24,30.80,1100,33880
2026-01-02 10:01:25,30.80,1115,34342
2026-01-02 10:01:26,30.80,1051,32371
2026-01-02 10:01:27,30.80,1066,32833
2026-01-02 10:01:28,30.80,1064,32771
2026-01-02 10:01:29,30.80,1096,33757
2026-01-02 10:01:30,30.80,1067,32864
2026-01-02 10:01:31,30.80,1047,32248
2026-01-02 10:01:32,30.80,1127,34712
2026-01-02 10:01:33,30.80,1053,32432
2026-01-02 10:01:34,30.80,1059,32617
2026-01-02 10:01:35,30.80,1084,33387
2026-01-02 10:01:36,30.80,1054,32463
2026-01-02 10:01:37,30.80,1097,33788
2026-01-02 10:01:38,30.80,1082,33326
2026-01-02 10:01:39,30.80,1077,33172
2026-01-02 10:01:40,30.80,1045,32186
2026-01-02 10:01:41,30.80,1038,31970
2026-01-02 10:01:42,30.80,1102,33942
2026-01-02 10:01:43,30.80,1083,33356
2026-01-02 10:01:44,30.80,1039,32001
2026-01-02 10:01:45,30.80,1111,34219
2026-01-02 10:01:46,30.80,1039,32001
2026-01-02 10:01:47,30.80,1040,32032
2026-01-02 10:01:48,30.80,1063,32740
2026-01-02 10:01:49,30.80,1008,31046
2026-01-02 10:01:50,30.80,1086,33449
2026-01-02 10:01:51,30.80,1083,33356
2026-01-02 10:01:52,30.80,1041,32063
2026-01-02 10:01:53,30.80,1150,35420
2026-01-02 10:01:54,30.80,1064,32771
2026-01-02 10:01:55,30.80,1053,32432
2026-01-02 10:01:56,30.80,1062,32710
2026-01-02 10:01:57,30.80,1058,32586
2026-01-02 10:01:58,30.80,1034,31847
2026-01-02 10:01:59,30.80,1018,31354
2026-01-02 10:02:00,30.80,1102,33942
2026-01-02 10:02:01,30.80,1037,31940
2026-01-02 10:02:02,30.80,1067,32864
2026-01-02 10:02:03,30.80,1045,32186
2026-01-02 10:02:04,30.80,1020,31416
2026-01-02 10:02:05,30.80,1103,33972
2026-01-02 10:02:06,30.80,1064,32771
2026-01-02 10:02:07,30.80,1112,34250
2026-01-02 10:02:08,30.80,1133,34896
2026-01-02 10:02:09,30.80,1022,31478
2026-01-02 10:02:10,30.80,1065,32802
2026-01-02 10:02:11,30.80,1090,33572
2026-01-02 10:02:12,30.80,1047,32248
2026-01-02 10:02:13,30.80,1118,34434
2026-01-02 10:02:14,30.80,1084,33387
2026-01-02 10:02:15,30.80,1026,31601
2026-01-02 10:02:16,30.80,1098,33818
2026-01-02 10:02:17,30.80,1093,33664
2026-01-02 10:02:18,30.80,1011,31139
2026-01-02 10:02:19,30.80,1027,31632
2026-01-02 10:02:20,30.80,1058,32586
2026-01-02 10:02:21,30.80,1078,33202
2026-01-02 10:02:22,30.80,1083,33356
2026-01-02 10:02:23,30.80,1077,33172
2026-01-02 10:02:24,30.80,1058,32586
2026-01-02 10:02:25,30.80,1027,31632
2026-01-02 10:02:26,30.80,1081,33295
2026-01-02 10:02:27,30.80,1111,34219
2026-01-02 10:02:28,30.80,1088,33510
2026-01-02 10:02:29,30.80,1077,33172
2026-01-02 10:02:30,30.80,1129,34773
2026-01-02 10:02:31,30.80,1038,31970
2026-01-02 10:02:32,30.80,1066,32833
2026-01-02 10:02:33,30.80,1080,33264
2026-01-02 10:02:34,30.80,1057,32556
2026-01-02 10:02:35,30.80,1055,32494
2026-01-02 10:02:36,30.80,1069,32925
2026-01-02 10:02:37,30.80,1072,33018
2026-01-02 10:02:38,30.80,1003,30892
2026-01-02 10:02:39,30.42,1052,32002
2026-01-02 10:02:40,30.13,1010,30431
2026-01-02 10:02:41,29.87,1097,32767
2026-01-02 10:02:42,30.12,1073,32319
2026-01-02 10:02:43,30.04,1089,32714
2026-01-02 10:02:44,30.21,1062,32083
2026-01-02 10:02:45,30.38,1053,31990
2026-01-02 10:02:46,30.42,1065,32397
2026-01-02 10:02:47,30.50,1076,32818
2026-01-02 10:02:48,30.21,1050,31720
2026-01-02 10:02:49,30.31,1074,32553
2026-01-02 10:02:50,30.30,1016,30785
2026-01-02 10:02:51,30.44,1070,32571
2026-01-02 10:02:52,30.62,1106,33866
2026-01-02 10:02:53,30.72,1028,31580
2026-01-02 10:02:54,30.37,1038,31524
2026-01-02 10:02:55,30.33,1061,32180
2026-01-02 10:02:56,30.27,1027,31087
2026-01-02 10:02:57,29.89,998,29830
2026-01-02 10:02:58,29.70,1045,31036
2026-01-02 10:02:59,29.50,1073,31654
2026-01-02 10:03:00,29.50,1049,30946
2026-01-02 10:03:01,29.50,1021,30120
2026-01-02 10:03:02,29.50,1026,30267
2026-01-02 10:03:03,29.50,1049,30946
2026-01-02 10:03:04,29.50,1089,32126
2026-01-02 10:03:05,29.61,1067,31594
2026-01-02 10:03:06,29.69,985,29245
2026-01-02 10:03:07,29.65,1137,33712
2026-01-02 10:03:08,29.70,1029,30561
2026-01-02 10:03:09,29.57,1093,32320
2026-01-02 10:03:10,29.55,1031,30466
2026-01-02 10:03:11,29.50,1086,32037
2026-01-02 10:03:12,29.58,1013,29965
2026-01-02 10:03:13,29.50,1067,31476
2026-01-02 10:03:14,29.65,1035,30688
2026-01-02 10:03:15,29.68,1043,30956
2026-01-02 10:03:16,29.65,1032,30599
2026-01-02 10:03:17,29.59,1102,32608
2026-01-02 10:03:18,29.70,1044,31007
2026-01-02 10:03:19,29.80,1046,31171
2026-01-02 10:03:20,29.77,1078,32092
2026-01-02 10:03:21,30.22,1047,31640
2026-01-02 10:03:22,30.11,1050,31616
2026-01-02 10:03:23,30.42,1057,32154
2026-01-02 10:03:24,30.35,1070,32474
2026-01-02 10:03:25,30.25,1068,32307
2026-01-02 10:03:26,30.32,1076,32624
2026-01-02 10:03:27,30.27,1068,32328
2026-01-02 10:03:28,30.67,1113,34136
2026-01-02 10:03:29,30.69,1079,33115
2026-01-02 10:03:30,30.80,1091,33603
2026-01-02 10:03:31,30.80,1003,30892
2026-01-02 10:03:32,30.80,1059,32617
2026-01-02 10:03:33,30.80,1095,33726
2026-01-02 10:03:34,30.80,1076,33141
2026-01-02 10:03:35,30.80,1077,33172
2026-01-02 10:03:36,30.80,960,29568
2026-01-02 10:03:37,30.80,1055,32494
2026-01-02 10:03:38,30.80,997,30708
2026-01-02 10:03:39,30.80,1121,34527
2026-01-02 10:03:40,30.74,1061,32615
2026-01-02 10:03:41,30.69,1039,31887
2026-01-02 10:03:42,30.62,1072,32825
2026-01-02 10:03:43,30.68,1052,32275
2026-01-02 10:03:44,30.80,1031,31755
2026-01-02 10:03:45,30.80,1020,31416
2026-01-02 10:03:46,30.80,1047,32248
2026-01-02 10:03:47,30.80,1011,31139
2026-01-02 10:03:48,30.80,1077,33172
2026-01-02 10:03:49,30.80,1048,32278
2026-01-02 10:03:50,30.80,1034,31847
2026-01-02 10:03:51,30.80,1025,31570
2026-01-02 10:03:52,30.80,1062,32710
2026-01-02 10:03:53,30.80,1013,31200
2026-01-02 10:03:54,30.80,1092,33634
2026-01-02 10:03:55,30.80,1046,32217
2026-01-02 10:03:56,30.80,1050,32340
2026-01-02 10:03:57,30.80,1021,31447
2026-01-02 10:03:58,30.80,1029,31693
2026-01-02 10:03:59,30.80,1072,33018
2026-01-02 10:04:00,30.80,1020,31416
2026-01-02 10:04:01,30.80,1061,32679
2026-01-02 10:04:02,30.80,1009,31077
2026-01-02 10:04:03,30.80,1076,33141
2026-01-02 10:04:04,30.80,1027,31632
2026-01-02 10:04:05,30.80,993,30584
2026-01-02 10:04:06,30.80,1041,32063
2026-01-02 10:04:07,30.80,1000,30800
2026-01-02 10:04:08,30.80,1025,31570
2026-01-02 10:04:09,30.80,1046,32217
2026-01-02 10:04:10,30.80,1082,33326
2026-01-02 10:04:11,30.80,1075,33110
2026-01-02 10:04:12,30.80,983,30276
2026-01-02 10:04:13,30.80,1088,33510
2026-01-02 10:04:14,30.80,1055,32494
2026-01-02 10:04:15,30.80,1066,32833
2026-01-02 10:04:16,30.80,1070,32956
2026-01-02 10:04:17,30.80,1036,31909
2026-01-02 10:04:18,30.80,1076,33141
2026-01-02 10:04:19,30.80,1029,31693
2026-01-02 10:04:20,30.80,1091,33603
2026-01-02 10:04:21,30.80,1001,30831
2026-01-02 10:04:22,30.80,1075,33110
2026-01-02 10:04:23,30.80,1046,32217
2026-01-02 10:04:24,30.80,1064,32771
2026-01-02 10:04:25,30.80,1058,32586
2026-01-02 10:04:26,30.80,1072,33018
2026-01-02 10:04:27,30.80,1011,31139
2026-01-02 10:04:28,30.80,1080,33264
2026-01-02 10:04:29,30.80,1090,33572
2026-01-02 10:04:30,30.80,998,30738
2026-01-02 10:04:31,30.80,1025,31570
2026-01-02 10:04:32,30.80,1078,33202
2026-01-02 10:04:33,30.80,1041,32063
2026-01-02 10:04:34,30.80,1035,31878
2026-01-02 10:04:35,30.80,1072,33018
2026-01-02 10:04:36,30.80,1019,31385
2026-01-02 10:04:37,30.80,1004,30923
2026-01-02 10:04:38,30.80,946,29137
2026-01-02 10:04:39,30.80,1046,32217
2026-01-02 10:04:40,30.80,1076,33141
2026-01-02 10:04:41,30.80,1017,31324
2026-01-02 10:04:42,30.80,1031,31755
2026-01-02 10:04:43,30.80,1035,31878
2026-01-02 10:04:44,30.80,1011,31139
2026-01-02 10:04:45,30.80,1018,31354
2026-01-02 10:04:46,30.80,1072,33018
2026-01-02 10:04:47,30.80,1061,32679
2026-01-02 10:04:48,30.80,1020,31416
2026-01-02 10:04:49,30.80,1020,31416
2026-01-02 10:04:50,30.80,1023,31508
2026-01-02 10:04:51,30.80,1003,30892
2026-01-02 10:04:52,30.80,1053,32432
2026-01-02 10:04:53,30.80,1076,33141
2026-01-02 10:04:54,30.80,1042,32094
2026-01-02 10:04:55,30.80,1011,31139
2026-01-02 10:04:56,30.80,1025,31570
2026-01-02 10:04:57,30.80,1089,33541
2026-01-02 10:04:58,30.80,1055,32494
2026-01-02 10:04:59,30.80,1057,32556
2026-01-02 10:05:00,30.80,981,30215
2026-01-02 10:05:01,30.80,990,30492
2026-01-02 10:05:02,30.80,1026,31601
2026-01-02 10:05:03,30.80,1023,31508
2026-01-02 10:05:04,30.80,1056,32525
2026-01-02 10:05:05,30.80,1056,32525
2026-01-02 10:05:06,30.80,1048,32278
2026-01-02 10:05:07,30.80,1087,33480
2026-01-02 10:05:08,30.80,1110,34188
2026-01-02 10:05:09,30.80,1015,31262
2026-01-02 10:05:10,30.80,1024,31539
2026-01-02 10:05:11,30.80,1068,32894
2026-01-02 10:05:12,30.80,1037,31940
2026-01-02 10:05:13,30.80,1041,32063
2026-01-02 10:05:14,30.80,1080,33264
2026-01-02 10:05:15,30.80,1007,31016
2026-01-02 10:05:16,30.80,1086,33449
2026-01-02 10:05:17,30.80,1048,32278
2026-01-02 10:05:18,30.80,1066,32833
2026-01-02 10:05:19,30.80,1064,32771
2026-01-02 10:05:20,30.80,1057,32556
2026-01-02 10:05:21,30.80,1045,32186
2026-01-02 10:05:22,30.80,1015,31262
2026-01-02 10:05:23,30.80,1076,33141
2026-01-02 10:05:24,30.80,1052,32402
2026-01-02 10:05:25,30.80,1021,31447
2026-01-02 10:05:26,30.80,1028,31662
2026-01-02 10:05:27,30.80,1026,31601
2026-01-02 10:05:28,30.80,1037,31940
2026-01-02 10:05:29,30.80,1037,31940
2026-01-02 10:05:30,30.80,986,30369
2026-01-02 10:05:31,30.80,1048,32278
2026-01-02 10:05:32,30.80,1050,32340
2026-01-02 10:05:33,30.80,1010,31108
2026-01-02 10:05:34,30.80,1086,33449
2026-01-02 10:05:35,30.80,1004,30923
2026-01-02 10:05:36,30.80,1036,31909
2026-01-02 10:05:37,30.80,1013,31200
2026-01-02 10:05:38,30.80,981,30215
2026-01-02 10:05:39,30.80,1092,33634
2026-01-02 10:05:40,30.80,1004,30923
2026-01-02 10:05:41,30.80,1013,31200
2026-01-02 10:05:42,30.80,1056,32525
2026-01-02 10:05:43,30.80,1085,33418
2026-01-02 10:05:44,30.80,1046,32217
2026-01-02 10:05:45,30.80,1022,31478
2026-01-02 10:05:46,30.80,1077,33172
2026-01-02 10:05:47,30.80,1045,32186
2026-01-02 10:05:48,30.80,1058,32586
2026-01-02 10:05:49,30.80,1087,33480
2026-01-02 10:05:50,30.80,1116,34373
2026-01-02 10:05:51,30.80,1022,31478
2026-01-02 10:05:52,30.80,1063,32740
2026-01-02 10:05:53,30.80,1064,32771
2026-01-02 10:05:54,30.80,1106,34065
2026-01-02 10:05:55,30.80,1000,30800
2026-01-02 10:05:56,30.80,1049,32309
2026-01-02 10:05:57,30.80,1050,32340
2026-01-02 10:05:58,30.80,1067,32864
2026-01-02 10:05:59,30.80,1040,32032
2026-01-02 10:06:00,30.80,1102,33942
2026-01-02 10:06:01,30.80,1027,31632
2026-01-02 10:06:02,30.80,992,30554
2026-01-02 10:06:03,30.80,1087,33480
2026-01-02 10:06:04,30.80,1028,31662
2026-01-02 10:06:05,30.80,1049,32309
2026-01-02 10:06:06,30.80,996,30677
2026-01-02 10:06:07,30.80,1034,31847
2026-01-02 10:06:08,30.80,1059,32617
2026-01-02 10:06:09,30.80,1068,32894
2026-01-02 10:06:10,30.80,1038,31970
2026-01-02 10:06:11,30.80,973,29968
2026-01-02 10:06:12,30.80,1045,32186
2026-01-02 10:06:13,30.80,1013,31200
2026-01-02 10:06:14,30.80,1069,32925
2026-01-02 10:06:15,30.80,1026,31601
2026-01-02 10:06:16,30.80,1028,31662
2026-01-02 10:06:17,30.80,1015,31262
2026-01-02 10:06:18,30.80,1034,31847
2026-01-02 10:06:19,30.80,986,30369
2026-01-02 10:06:20,30.80,1006,30985
2026-01-02 10:06:21,30.80,1061,32679
2026-01-02 10:06:22,30.80,1033,31816
2026-01-02 10:06:23,30.80,1043,32124
2026-01-02 10:06:24,30.80,1013,31200
2026-01-02 10:06:25,30.80,1038,31970
2026-01-02 10:06:26,30.80,1020,31416
2026-01-02 10:06:27,30.80,1017,31324
2026-01-02 10:06:28,30.80,1017,31324
2026-01-02 10:06:29,30.80,963,29660
2026-01-02 10:06:30,30.80,1036,31909
2026-01-02 10:06:31,30.80,1028,31662
2026-01-02 10:06:32,30.80,1062,32710
2026-01-02 10:06:33,30.80,1076,33141
2026-01-02 10:06:34,30.80,1000,30800
2026-01-02 10:06:35,30.80,1036,31909
2026-01-02 10:06:36,30.80,1006,30985
2026-01-02 10:06:37,30.80,1059,32617
2026-01-02 10:06:38,30.80,1048,32278
2026-01-02 10:06:39,30.80,1026,31601
2026-01-02 10:06:40,30.80,1022,31478
2026-01-02 10:06:41,30.80,1063,32740
2026-01-02 10:06:42,30.80,987,30400
2026-01-02 10:06:43,30.80,1075,33110
2026-01-02 10:06:44,30.80,964,29691
2026-01-02 10:06:45,30.80,1010,31108
2026-01-02 10:06:46,30.80,1002,30862
2026-01-02 10:06:47,30.80,992,30554
2026-01-02 10:06:48,30.80,1013,31200
2026-01-02 10:06:49,30.80,1038,31970
2026-01-02 10:06:50,30.80,998,30738
2026-01-02 10:06:51,30.80,1079,33233
2026-01-02 10:06:52,30.80,1031,31755
2026-01-02 10:06:53,30.80,972,29938
2026-01-02 10:06:54,30.80,1081,33295
2026-01-02 10:06:55,30.80,1040,32032
2026-01-02 10:06:56,30.80,1026,31601
2026-01-02 10:06:57,30.80,1002,30862
2026-01-02 10:06:58,30.80,985,30338
2026-01-02 10:06:59,30.80,1058,32586
2026-01-02 10:07:00,30.80,1062,32710
2026-01-02 10:07:01,30.80,983,30276
2026-01-02 10:07:02,30.80,967,29784
2026-01-02 10:07:03,30.80,1038,31970
2026-01-02 10:07:04,30.80,1025,31570
2026-01-02 10:07:05,30.80,970,29876
2026-01-02 10:07:06,30.80,1025,31570
2026-01-02 10:07:07,30.80,1009,31077
2026-01-02 10:07:08,30.80,1002,30862
2026-01-02 10:07:09,30.80,1053,32432
2026-01-02 10:07:10,30.80,971,29907
2026-01-02 10:07:11,30.80,918,28274
2026-01-02 10:07:12,30.80,1015,31262
2026-01-02 10:07:13,30.80,1069,32925
2026-01-02 10:07:14,30.80,1026,31601
2026-01-02 10:07:15,30.80,1072,33018
2026-01-02 10:07:16,30.80,1034,31847
2026-01-02 10:07:17,30.80,1022,31478
2026-01-02 10:07:18,30.80,1062,32710
2026-01-02 10:07:19,30.80,994,30615
2026-01-02 10:07:20,30.80,987,30400
2026-01-02 10:07:21,30.80,987,30400
2026-01-02 10:07:22,30.80,1003,30892
2026-01-02 10:07:23,30.80,986,30369
2026-01-02 10:07:24,30.80,1044,32155
2026-01-02 10:07:25,30.80,1046,32217
2026-01-02 10:07:26,30.80,1028,31662
2026-01-02 10:07:27,30.80,1021,31447
2026-01-02 10:07:28,30.80,1010,31108
2026-01-02 10:07:29,30.80,979,30153
2026-01-02 10:07:30,30.80,1036,31909
2026-01-02 10:07:31,30.80,965,29722
2026-01-02 10:07:32,30.80,924,28459
2026-01-02 10:07:33,30.80,999,30769
2026-01-02 10:07:34,30.80,1007,31016
2026-01-02 10:07:35,30.80,1015,31262
2026-01-02 10:07:36,30.80,1015,31262
2026-01-02 10:07:37,30.80,1065,32802
2026-01-02 10:07:38,30.80,1009,31077
2026-01-02 10:07:39,30.80,1001,30831
2026-01-02 10:07:40,30.80,1033,31816
2026-01-02 10:07:41,30.80,1009,31077
2026-01-02 10:07:42,30.80,1027,31632
2026-01-02 10:07:43,30.80,970,29876
2026-01-02 10:07:44,30.80,979,30153
2026-01-02 10:07:45,30.80,945,29106
2026-01-02 10:07:46,30.80,1003,30892
2026-01-02 10:07:47,30.80,1017,31324
2026-01-02 10:07:48,30.80,1015,31262
2026-01-02 10:07:49,30.80,1020,31416
2026-01-02 10:07:50,30.80,986,30369
2026-01-02 10:07:51,30.80,1016,31293
2026-01-02 10:07:52,30.80,1039,32001
2026-01-02 10:07:53,30.80,1065,32802
2026-01-02 10:07:54,30.80,1021,31447
2026-01-02 10:07:55,30.70,994,30516
2026-01-02 10:07:56,30.80,981,30215
2026-01-02 10:07:57,30.80,1064,32771
2026-01-02 10:07:58,30.43,1064,32378
2026-01-02 10:07:59,30.35,1038,31503
2026-01-02 10:08:00,30.40,932,28333
2026-01-02 10:08:01,30.48,1033,31486
2026-01-02 10:08:02,30.80,975,30030
2026-01-02 10:08:03,30.80,1086,33449
2026-01-02 10:08:04,30.76,987,30360
2026-01-02 10:08:05,30.80,982,30246
2026-01-02 10:08:06,30.80,982,30246
2026-01-02 10:08:07,30.80,964,29691
2026-01-02 10:08:08,30.80,1007,31016
2026-01-02 10:08:09,30.80,1019,31385
2026-01-02 10:08:10,30.80,951,29291
2026-01-02 10:08:11,30.80,1040,32032
2026-01-02 10:08:12,30.80,1009,31077
2026-01-02 10:08:13,30.80,965,29722
2026-01-02 10:08:14,30.80,967,29784
2026-01-02 10:08:15,30.80,944,29075
2026-01-02 10:08:16,30.80,1011,31139
2026-01-02 10:08:17,30.48,914,27859
2026-01-02 10:08:18,30.47,1017,30988
2026-01-02 10:08:19,30.42,968,29447
2026-01-02 10:08:20,30.70,1034,31744
2026-01-02 10:08:21,30.80,921,28367
2026-01-02 10:08:22,30.80,1029,31693
2026-01-02 10:08:23,30.80,1000,30800
2026-01-02 10:08:24,30.80,972,29938
2026-01-02 10:08:25,30.80,1017,31324
2026-01-02 10:08:26,30.80,1013,31200
2026-01-02 10:08:27,30.80,984,30307
2026-01-02 10:08:28,30.80,1016,31293
2026-01-02 10:08:29,30.80,1029,31693
2026-01-02 10:08:30,30.80,1021,31447
2026-01-02 10:08:31,30.80,1042,32094
2026-01-02 10:08:32,30.80,1035,31878
2026-01-02 10:08:33,30.80,971,29907
2026-01-02 10:08:34,30.80,1062,32710
2026-01-02 10:08:35,30.80,1009,31077
2026-01-02 10:08:36,30.80,1005,30954
2026-01-02 10:08:37,30.80,952,29322
2026-01-02 10:08:38,30.80,1009,31077
2026-01-02 10:08:39,30.80,977,30092
2026-01-02 10:08:40,30.80,1028,31662
2026-01-02 10:08:41,30.80,1013,31200
2026-01-02 10:08:42,30.80,1024,31539
2026-01-02 10:08:43,30.80,1075,33110
2026-01-02 10:08:44,30.80,995,30646
2026-01-02 10:08:45,30.80,1033,31816
2026-01-02 10:08:46,30.80,1035,31878
2026-01-02 10:08:47,30.80,998,30738
2026-01-02 10:08:48,30.80,951,29291
2026-01-02 10:08:49,30.80,983,30276
2026-01-02 10:08:50,30.80,979,30153
2026-01-02 10:08:51,30.80,1010,31108
2026-01-02 10:08:52,30.80,1004,30923
2026-01-02 10:08:53,30.80,998,30738
2026-01-02 10:08:54,30.80,1009,31077
2026-01-02 10:08:55,30.80,979,30153
2026-01-02 10:08:56,30.80,974,29999
2026-01-02 10:08:57,30.80,1009,31077
2026-01-02 10:08:58,30.80,1003,30892
2026-01-02 10:08:59,30.80,1027,31632
2026-01-02 10:09:00,30.80,1025,31570
2026-01-02 10:09:01,30.80,973,29968
2026-01-02 10:09:02,30.80,979,30153
2026-01-02 10:09:03,30.80,1008,31046
2026-01-02 10:09:04,30.80,1051,32371
2026-01-02 10:09:05,30.80,1006,30985
2026-01-02 10:09:06,30.80,954,29383
2026-01-02 10:09:07,30.80,983,30276
2026-01-02 10:09:08,30.80,981,30215
2026-01-02 10:09:09,30.80,988,30430
2026-01-02 10:09:10,30.80,1003,30892
2026-01-02 10:09:11,30.80,950,29260
2026-01-02 10:09:12,30.80,989,30461
2026-01-02 10:09:13,30.80,984,30307
2026-01-02 10:09:14,30.80,993,30584
2026-01-02 10:09:15,30.80,932,28706
2026-01-02 10:09:16,30.80,1029,31693
2026-01-02 10:09:17,30.80,968,29814
2026-01-02 10:09:18,30.80,1009,31077
2026-01-02 10:09:19,30.80,973,29968
2026-01-02 10:09:20,30.80,1033,31816
2026-01-02 10:09:21,30.80,1046,32217
2026-01-02 10:09:22,30.80,991,30523
2026-01-02 10:09:23,30.80,1021,31447
2026-01-02 10:09:24,30.80,992,30554
2026-01-02 10:09:25,30.80,941,28983
2026-01-02 10:09:26,30.80,966,29753
2026-01-02 10:09:27,30.80,1008,31046
2026-01-02 10:09:28,30.80,985,30338
2026-01-02 10:09:29,30.80,976,30061
2026-01-02 10:09:30,30.80,1039,32001
2026-01-02 10:09:31,30.80,973,29968
2026-01-02 10:09:32,30.80,975,30030
2026-01-02 10:09:33,30.80,1014,31231
2026-01-02 10:09:34,30.80,973,29968
2026-01-02 10:09:35,30.80,1014,31231
2026-01-02 10:09:36,30.80,1009,31077
2026-01-02 10:09:37,30.80,953,29352
2026-01-02 10:09:38,30.80,1004,30923
2026-01-02 10:09:39,30.80,977,30092
2026-01-02 10:09:40,30.80,969,29845
2026-01-02 10:09:41,30.80,986,30369
2026-01-02 10:09:42,30.80,985,30338
2026-01-02 10:09:43,30.80,1075,33110
2026-01-02 10:09:44,30.80,973,29968
2026-01-02 10:09:45,30.80,969,29845
2026-01-02 10:09:46,30.80,1037,31940
2026-01-02 10:09:47,30.80,978,30122
2026-01-02 10:09:48,30.80,1026,31601
2026-01-02 10:09:49,30.80,987,30400
2026-01-02 10:09:50,30.80,1031,31755
2026-01-02 10:09:51,30.80,975,30030
2026-01-02 10:09:52,30.80,977,30092
2026-01-02 10:09:53,30.80,1027,31632
2026-01-02 10:09:54,30.80,995,30646
2026-01-02 10:09:55,30.80,965,29722
2026-01-02 10:09:56,30.80,999,30769
2026-01-02 10:09:57,30.80,995,30646
2026-01-02 10:09:58,30.80,992,30554
2026-01-02 10:09:59,30.80,1018,31354
2026-01-02 10:10:00,30.80,958,29506
2026-01-02 10:10:01,30.80,984,30307
2026-01-02 10:10:02,30.80,933,28736
2026-01-02 10:10:03,30.80,943,29044
2026-01-02 10:10:04,30.80,970,29876
2026-01-02 10:10:05,30.80,1039,32001
2026-01-02 10:10:06,30.80,1001,30831
2026-01-02 10:10:07,30.80,1003,30892
2026-01-02 10:10:08,30.80,958,29506
2026-01-02 10:10:09,30.80,973,29968
2026-01-02 10:10:10,30.80,1007,31016
2026-01-02 10:10:11,30.80,963,29660
2026-01-02 10:10:12,30.80,969,29845
2026-01-02 10:10:13,30.63,1050,32162
2026-01-02 10:10:14,30.69,976,29953
2026-01-02 10:10:15,30.80,1010,31108
2026-01-02 10:10:16,30.80,1000,30800
2026-01-02 10:10:17,30.53,953,29095
2026-01-02 10:10:18,30.29,972,29442
2026-01-02 10:10:19,30.40,1014,30826
2026-01-02 10:10:20,30.24,1040,31450
2026-01-02 10:10:21,30.10,1011,30431
2026-01-02 10:10:22,30.20,1072,32374
2026-01-02 10:10:23,30.36,907,27537
2026-01-02 10:10:24,30.31,958,29037
2026-01-02 10:10:25,30.25,996,30129
2026-01-02 10:10:26,30.07,982,29529
2026-01-02 10:10:27,30.29,957,28988
2026-01-02 10:10:28,30.29,991,30017
2026-01-02 10:10:29,30.19,972,29345
2026-01-02 10:10:30,30.29,1034,31320
2026-01-02 10:10:31,30.39,1062,32274
2026-01-02 10:10:32,30.28,979,29644
2026-01-02 10:10:33,30.32,971,29441
2026-01-02 10:10:34,30.34,1006,30522
2026-01-02 10:10:35,30.42,965,29355
2026-01-02 10:10:36,30.65,936,28688
2026-01-02 10:10:37,30.74,952,29264
2026-01-02 10:10:38,30.56,1002,30621
2026-01-02 10:10:39,30.61,927,28375
2026-01-02 10:10:40,30.39,989,30056
2026-01-02 10:10:41,30.19,1023,30884
2026-01-02 10:10:42,30.16,986,29738
2026-01-02 10:10:43,30.30,961,29118
2026-01-02 10:10:44,30.23,984,29746
2026-01-02 10:10:45,30.25,979,29615
2026-01-02 10:10:46,30.20,934,28207
2026-01-02 10:10:47,30.43,1055,32104
2026-01-02 10:10:48,30.43,1021,31069
2026-01-02 10:10:49,30.37,950,28852
2026-01-02 10:10:50,30.12,1030,31024
2026-01-02 10:10:51,29.84,967,28855
2026-01-02 10:10:52,30.07,968,29108
2026-01-02 10:10:53,29.82,1037,30923
2026-01-02 10:10:54,29.75,1021,30375
2026-01-02 10:10:55,29.50,943,27818
2026-01-02 10:10:56,29.50,974,28733
2026-01-02 10:10:57,29.50,1032,30444
2026-01-02 10:10:58,29.50,979,28880
2026-01-02 10:10:59,29.65,942,27930
2026-01-02 10:11:00,29.64,959,28425
2026-01-02 10:11:01,29.50,997,29412
2026-01-02 10:11:02,29.50,975,28762
2026-01-02 10:11:03,29.50,954,28143
2026-01-02 10:11:04,29.50,963,28408
2026-01-02 10:11:05,29.50,994,29323
2026-01-02 10:11:06,29.50,982,28969
2026-01-02 10:11:07,29.50,976,28792
2026-01-02 10:11:08,29.50,991,29234
2026-01-02 10:11:09,29.50,1000,29500
2026-01-02 10:11:10,29.50,933,27524
2026-01-02 10:11:11,29.50,989,29176
2026-01-02 10:11:12,29.50,972,28674
2026-01-02 10:11:13,29.50,982,28969
2026-01-02 10:11:14,29.50,967,28526
2026-01-02 10:11:15,29.50,933,27524
2026-01-02 10:11:16,29.55,1025,30289
2026-01-02 10:11:17,29.50,1000,29500
2026-01-02 10:11:18,29.60,960,28416
2026-01-02 10:11:19,29.52,945,27896
2026-01-02 10:11:20,29.50,1019,30060
2026-01-02 10:11:21,29.50,997,29412
2026-01-02 10:11:22,29.50,960,28320
2026-01-02 10:11:23,29.50,976,28792
2026-01-02 10:11:24,29.50,994,29323
2026-01-02 10:11:25,29.50,951,28054
2026-01-02 10:11:26,29.50,901,26580
2026-01-02 10:11:27,29.50,958,28261
2026-01-02 10:11:28,29.50,964,28438
2026-01-02 10:11:29,29.50,977,28822
2026-01-02 10:11:30,29.50,1017,30002
2026-01-02 10:11:31,29.50,987,29116
2026-01-02 10:11:32,29.50,996,29382
2026-01-02 10:11:33,29.50,967,28526
2026-01-02 10:11:34,29.50,977,28822
2026-01-02 10:11:35,29.50,954,28143
2026-01-02 10:11:36,29.50,977,28822
2026-01-02 10:11:37,29.50,963,28408
2026-01-02 10:11:38,29.50,998,29441
2026-01-02 10:11:39,29.50,963,28408
2026-01-02 10:11:40,29.50,948,27966
2026-01-02 10:11:41,29.50,918,27081
2026-01-02 10:11:42,29.50,981,28940
2026-01-02 10:11:43,29.50,1004,29618
2026-01-02 10:11:44,29.50,969,28586
2026-01-02 10:11:45,29.50,965,28468
2026-01-02 10:11:46,29.50,970,28615
2026-01-02 10:11:47,29.50,999,29470
2026-01-02 10:11:48,29.50,951,28054
2026-01-02 10:11:49,29.50,987,29116
2026-01-02 10:11:50,29.50,944,27848
2026-01-02 10:11:51,29.50,938,27671
2026-01-02 10:11:52,29.50,955,28172
2026-01-02 10:11:53,29.50,1001,29530
2026-01-02 10:11:54,29.50,1005,29648
2026-01-02 10:11:55,29.50,943,27818
2026-01-02 10:11:56,29.50,1015,29942
2026-01-02 10:11:57,29.50,996,29382
2026-01-02 10:11:58,29.50,961,28350
2026-01-02 10:11:59,29.50,953,28114
2026-01-02 10:12:00,29.50,926,27317
2026-01-02 10:12:01,29.50,1014,29913
2026-01-02 10:12:02,29.50,953,28114
2026-01-02 10:12:03,29.50,1010,29795
2026-01-02 10:12:04,29.50,974,28733
2026-01-02 10:12:05,29.50,960,28320
2026-01-02 10:12:06,29.50,975,28762
2026-01-02 10:12:07,29.50,997,29412
2026-01-02 10:12:08,29.50,1000,29500
2026-01-02 10:12:09,29.50,973,28704
2026-01-02 10:12:10,29.50,960,28320
2026-01-02 10:12:11,29.50,957,28232
2026-01-02 10:12:12,29.50,918,27081
2026-01-02 10:12:13,29.50,961,28350
2026-01-02 10:12:14,29.50,968,28556
2026-01-02 10:12:15,29.50,845,24928
2026-01-02 10:12:16,29.50,938,27671
2026-01-02 10:12:17,29.50,999,29470
2026-01-02 10:12:18,29.50,946,27907
2026-01-02 10:12:19,29.50,982,28969
2026-01-02 10:12:20,29.50,970,28615
2026-01-02 10:12:21,29.50,952,28084
2026-01-02 10:12:22,29.50,927,27346
2026-01-02 10:12:23,29.50,963,28408
2026-01-02 10:12:24,29.50,950,28025
2026-01-02 10:12:25,29.50,1008,29736
2026-01-02 10:12:26,29.50,1003,29588
2026-01-02 10:12:27,29.50,1004,29618
2026-01-02 10:12:28,29.50,965,28468
2026-01-02 10:12:29,29.50,978,28851
2026-01-02 10:12:30,29.50,925,27288
2026-01-02 10:12:31,29.50,955,28172
2026-01-02 10:12:32,29.50,946,27907
2026-01-02 10:12:33,29.50,938,27671
2026-01-02 10:12:34,29.50,1016,29972
2026-01-02 10:12:35,29.50,907,26756
2026-01-02 10:12:36,29.50,1022,30149
2026-01-02 10:12:37,29.50,954,28143
2026-01-02 10:12:38,29.50,1007,29706
2026-01-02 10:12:39,29.50,961,28350
2026-01-02 10:12:40,29.50,937,27642
2026-01-02 10:12:41,29.50,977,28822
2026-01-02 10:12:42,29.50,1017,30002
2026-01-02 10:12:43,29.50,932,27494
2026-01-02 10:12:44,29.50,991,29234
2026-01-02 10:12:45,29.50,937,27642
2026-01-02 10:12:46,29.50,996,29382
2026-01-02 10:12:47,29.50,928,27376
2026-01-02 10:12:48,29.50,971,28644
2026-01-02 10:12:49,29.50,1009,29766
2026-01-02 10:12:50,29.50,944,27848
2026-01-02 10:12:51,29.50,1022,30149
2026-01-02 10:12:52,29.50,1013,29884
2026-01-02 10:12:53,29.50,933,27524
2026-01-02 10:12:54,29.50,946,27907
2026-01-02 10:12:55,29.50,862,25429
2026-01-02 10:12:56,29.50,982,28969
2026-01-02 10:12:57,29.50,921,27170
2026-01-02 10:12:58,29.50,937,27642
2026-01-02 10:12:59,29.50,965,28468
2026-01-02 10:13:00,29.50,930,27435
2026-01-02 10:13:01,29.50,954,28143
2026-01-02 10:13:02,29.50,926,27317
2026-01-02 10:13:03,29.50,913,26934
2026-01-02 10:13:04,29.50,947,27936
2026-01-02 10:13:05,29.50,980,28910
2026-01-02 10:13:06,29.50,969,28586
2026-01-02 10:13:07,29.50,979,28880
2026-01-02 10:13:08,29.50,901,26580
2026-01-02 10:13:09,29.50,955,28172
2026-01-02 10:13:10,29.50,958,28261
2026-01-02 10:13:11,29.50,952,28084
2026-01-02 10:13:12,29.50,995,29352
2026-01-02 10:13:13,29.50,983,28998
2026-01-02 10:13:14,29.50,969,28586
2026-01-02 10:13:15,29.50,1001,29530
2026-01-02 10:13:16,29.50,961,28350
2026-01-02 10:13:17,29.50,945,27878
2026-01-02 10:13:18,29.50,927,27346
2026-01-02 10:13:19,29.50,1015,29942
2026-01-02 10:13:20,29.50,957,28232
2026-01-02 10:13:21,29.50,928,27376
2026-01-02 10:13:22,29.50,942,27789
2026-01-02 10:13:23,29.50,913,26934
2026-01-02 10:13:24,29.50,962,28379
2026-01-02 10:13:25,29.50,969,28586
2026-01-02 10:13:26,29.50,980,28910
2026-01-02 10:13:27,29.50,965,28468
2026-01-02 10:13:28,29.50,1007,29706
2026-01-02 10:13:29,29.50,937,27642
2026-01-02 10:13:30,29.50,937,27642
2026-01-02 10:13:31,29.50,911,26874
2026-01-02 10:13:32,29.50,960,28320
2026-01-02 10:13:33,29.50,940,27730
2026-01-02 10:13:34,29.50,980,28910
2026-01-02 10:13:35,29.50,939,27700
2026-01-02 10:13:36,29.50,902,26609
2026-01-02 10:13:37,29.50,919,27110
2026-01-02 10:13:38,29.50,954,28143
2026-01-02 10:13:39,29.50,962,28379
2026-01-02 10:13:40,29.50,970,28615
2026-01-02 10:13:41,29.50,1002,29559
2026-01-02 10:13:42,29.50,927,27346
2026-01-02 10:13:43,29.50,982,28969
2026-01-02 10:13:44,29.50,949,27996
2026-01-02 10:13:45,29.50,933,27524
2026-01-02 10:13:46,29.50,987,29116
2026-01-02 10:13:47,29.50,959,28290
2026-01-02 10:13:48,29.50,965,28468
2026-01-02 10:13:49,29.50,952,28084
2026-01-02 10:13:50,29.50,933,27524
2026-01-02 10:13:51,29.50,954,28143
2026-01-02 10:13:52,29.50,960,28320
2026-01-02 10:13:53,29.50,922,27199
2026-01-02 10:13:54,29.50,944,27848
2026-01-02 10:13:55,29.50,942,27789
2026-01-02 10:13:56,29.50,896,26432
2026-01-02 10:13:57,29.50,964,28438
2026-01-02 10:13:58,29.50,941,27760
2026-01-02 10:13:59,29.50,994,29323
2026-01-02 10:14:00,29.50,954,28143
2026-01-02 10:14:01,29.50,937,27642
2026-01-02 10:14:02,29.50,901,26580
2026-01-02 10:14:03,29.50,932,27494
2026-01-02 10:14:04,29.50,898,26491
2026-01-02 10:14:05,29.50,1010,29795
2026-01-02 10:14:06,29.50,913,26934
2026-01-02 10:14:07,29.50,977,28822
2026-01-02 10:14:08,29.50,912,26904
2026-01-02 10:14:09,29.50,929,27406
2026-01-02 10:14:10,29.50,896,26432
2026-01-02 10:14:11,29.50,1047,30886
2026-01-02 10:14:12,29.50,942,27789
2026-01-02 10:14:13,29.50,946,27907
2026-01-02 10:14:14,29.50,970,28615
2026-01-02 10:14:15,29.50,1000,29500
2026-01-02 10:14:16,29.50,939,27700
2026-01-02 10:14:17,29.50,961,28350
2026-01-02 10:14:18,29.50,927,27346
2026-01-02 10:14:19,29.50,935,27582
2026-01-02 10:14:20,29.50,971,28644
2026-01-02 10:14:21,29.50,1002,29559
2026-01-02 10:14:22,29.50,943,27818
2026-01-02 10:14:23,29.50,982,28969
2026-01-02 10:14:24,29.50,945,27878
2026-01-02 10:14:25,29.50,929,27406
2026-01-02 10:14:26,29.50,935,27582
2026-01-02 10:14:27,29.50,951,28054
2026-01-02 10:14:28,29.50,936,27612
2026-01-02 10:14:29,29.50,980,28910
2026-01-02 10:14:30,29.50,909,26816
2026-01-02 10:14:31,29.50,936,27612
2026-01-02 10:14:32,29.50,961,28350
2026-01-02 10:14:33,29.50,958,28261
2026-01-02 10:14:34,29.50,965,28468
2026-01-02 10:14:35,29.50,948,27966
2026-01-02 10:14:36,29.50,968,28556
2026-01-02 10:14:37,29.50,919,27110
2026-01-02 10:14:38,29.50,979,28880
2026-01-02 10:14:39,29.50,983,28998
2026-01-02 10:14:40,29.50,938,27671
2026-01-02 10:14:41,29.50,877,25872
2026-01-02 10:14:42,29.50,895,26402
2026-01-02 10:14:43,29.50,988,29146
2026-01-02 10:14:44,29.50,998,29441
2026-01-02 10:14:45,29.50,936,27612
2026-01-02 10:14:46,29.50,938,27671
2026-01-02 10:14:47,29.50,937,27642
2026-01-02 10:14:48,29.50,888,26196
2026-01-02 10:14:49,29.50,922,27199
2026-01-02 10:14:50,29.50,947,27936
2026-01-02 10:14:51,29.50,917,27052
2026-01-02 10:14:52,29.50,891,26284
2026-01-02 10:14:53,29.50,949,27996
2026-01-02 10:14:54,29.50,942,27789
2026-01-02 10:14:55,29.50,967,28526
2026-01-02 10:14:56,29.50,942,27789
2026-01-02 10:14:57,29.50,951,28054
2026-01-02 10:14:58,29.50,941,27760
2026-01-02 10:14:59,29.50,929,27406
2026-01-02 10:15:00,29.50,1038,30621
2026-01-02 10:15:01,29.50,944,27848
2026-01-02 10:15:02,29.50,952,28084
2026-01-02 10:15:03,29.50,955,28172
2026-01-02 10:15:04,29.50,903,26638
2026-01-02 10:15:05,29.50,916,27022
2026-01-02 10:15:06,29.50,955,28172
2026-01-02 10:15:07,29.50,967,28526
2026-01-02 10:15:08,29.50,898,26491
2026-01-02 10:15:09,29.50,966,28497
2026-01-02 10:15:10,29.50,919,27110
