timestamp,price,volume,amount
2026-01-02 09:30:00,35.42,274,9705
2026-01-02 09:30:01,35.73,276,9861
2026-01-02 09:30:02,35.61,266,9472
2026-01-02 09:30:03,35.59,258,9182
2026-01-02 09:30:04,35.53,308,10943
2026-01-02 09:30:05,35.60,282,10039
2026-01-02 09:30:06,35.68,273,9741
2026-01-02 09:30:07,35.34,258,9118
2026-01-02 09:30:08,35.52,267,9484
2026-01-02 09:30:09,35.55,265,9421
2026-01-02 09:30:10,35.45,271,9607
2026-01-02 09:30:11,35.37,281,9939
2026-01-02 09:30:12,35.32,273,9642
2026-01-02 09:30:13,35.34,250,8835
2026-01-02 09:30:14,35.42,279,9882
2026-01-02 09:30:15,35.44,275,9746
2026-01-02 09:30:16,35.62,255,9083
2026-01-02 09:30:17,35.62,276,9831
2026-01-02 09:30:18,35.52,254,9022
2026-01-02 09:30:19,35.39,263,9308
2026-01-02 09:30:20,35.40,262,9275
2026-01-02 09:30:21,35.85,269,9644
2026-01-02 09:30:22,35.79,279,9985
2026-01-02 09:30:23,35.85,246,8819
2026-01-02 09:30:24,35.85,249,8927
2026-01-02 09:30:25,35.85,271,9715
2026-01-02 09:30:26,35.85,273,9787
2026-01-02 09:30:27,35.85,292,10468
2026-01-02 09:30:28,35.85,261,9357
2026-01-02 09:30:29,35.85,270,9680
2026-01-02 09:30:30,35.85,258,9249
2026-01-02 09:30:31,35.85,274,9823
2026-01-02 09:30:32,35.85,261,9357
2026-01-02 09:30:33,35.83,273,9782
2026-01-02 09:30:34,35.75,265,9474
2026-01-02 09:30:35,35.73,272,9719
2026-01-02 09:30:36,35.64,297,10585
2026-01-02 09:30:37,35.37,265,9373
2026-01-02 09:30:38,35.35,262,9262
2026-01-02 09:30:39,35.63,250,8908
2026-01-02 09:30:40,35.85,263,9429
2026-01-02 09:30:41,35.57,275,9782
2026-01-02 09:30:42,35.56,254,9032
2026-01-02 09:30:43,35.83,252,9029
2026-01-02 09:30:44,35.85,268,9608
2026-01-02 09:30:45,35.85,266,9536
2026-01-02 09:30:46,35.85,256,9178
2026-01-02 09:30:47,35.85,259,9285
2026-01-02 09:30:48,35.85,259,9285
2026-01-02 09:30:49,35.85,284,10181
2026-01-02 09:30:50,35.85,277,9930
2026-01-02 09:30:51,35.85,274,9823
2026-01-02 09:30:52,35.85,256,9178
2026-01-02 09:30:53,35.85,259,9285
2026-01-02 09:30:54,35.85,285,10217
2026-01-02 09:30:55,35.85,248,8891
2026-01-02 09:30:56,35.85,260,9321
2026-01-02 09:30:57,35.85,272,9751
2026-01-02 09:30:58,35.85,262,9393
2026-01-02 09:30:59,35.85,247,8855
2026-01-02 09:31:00,35.85,241,8640
2026-01-02 09:31:01,35.85,281,10074
2026-01-02 09:31:02,35.85,240,8604
2026-01-02 09:31:03,35.85,269,9644
2026-01-02 09:31:04,35.85,269,9644
2026-01-02 09:31:05,35.85,270,9680
2026-01-02 09:31:06,35.85,293,10504
2026-01-02 09:31:07,35.85,264,9464
2026-01-02 09:31:08,35.85,264,9464
2026-01-02 09:31:09,35.85,250,8962
2026-01-02 09:31:10,35.85,276,9895
2026-01-02 09:31:11,35.85,247,8855
2026-01-02 09:31:12,35.85,281,10074
2026-01-02 09:31:13,35.85,265,9500
2026-01-02 09:31:14,35.85,261,9357
2026-01-02 09:31:15,35.85,250,8962
2026-01-02 09:31:16,35.85,235,8425
2026-01-02 09:31:17,35.85,259,9285
2026-01-02 09:31:18,35.85,257,9213
2026-01-02 09:31:19,35.85,281,10074
2026-01-02 09:31:20,35.85,240,8604
2026-01-02 09:31:21,35.85,239,8568
2026-01-02 09:31:22,35.85,274,9823
2026-01-02 09:31:23,35.85,241,8640
2026-01-02 09:31:24,35.85,240,8604
2026-01-02 09:31:25,35.85,274,9823
2026-01-02 09:31:26,35.85,273,9787
2026-01-02 09:31:27,35.85,264,9464
2026-01-02 09:31:28,35.85,235,8425
2026-01-02 09:31:29,35.85,257,9213
2026-01-02 09:31:30,35.85,290,10396
2026-01-02 09:31:31,35.85,260,9321
2026-01-02 09:31:32,35.85,279,10002
2026-01-02 09:31:33,35.85,273,9787
2026-01-02 09:31:34,35.85,241,8640
2026-01-02 09:31:35,35.85,294,10540
2026-01-02 09:31:36,35.85,257,9213
2026-01-02 09:31:37,35.85,285,10217
2026-01-02 09:31:38,35.85,253,9070
2026-01-02 09:31:39,35.85,277,9930
2026-01-02 09:31:40,35.85,267,9572
2026-01-02 09:31:41,35.85,269,9644
2026-01-02 09:31:42,35.85,263,9429
2026-01-02 09:31:43,35.85,230,8246
2026-01-02 09:31:44,35.85,257,9213
2026-01-02 09:31:45,35.85,246,8819
2026-01-02 09:31:46,35.85,268,9608
2026-01-02 09:31:47,35.85,232,8317
2026-01-02 09:31:48,35.85,291,10432
2026-01-02 09:31:49,35.85,259,9285
2026-01-02 09:31:50,35.85,247,8855
2026-01-02 09:31:51,35.85,253,9070
2026-01-02 09:31:52,35.85,245,8783
2026-01-02 09:31:53,35.85,277,9930
2026-01-02 09:31:54,35.85,232,8317
2026-01-02 09:31:55,35.85,255,9142
2026-01-02 09:31:56,35.85,247,8855
2026-01-02 09:31:57,35.85,286,10253
2026-01-02 09:31:58,35.85,267,9572
2026-01-02 09:31:59,35.85,264,9464
2026-01-02 09:32:00,35.85,234,8389
2026-01-02 09:32:01,35.85,285,10217
2026-01-02 09:32:02,35.85,245,8783
2026-01-02 09:32:03,35.85,245,8783
2026-01-02 09:32:04,35.85,237,8496
2026-01-02 09:32:05,35.85,287,10289
2026-01-02 09:32:06,35.85,222,7959
2026-01-02 09:32:07,35.85,262,9393
2026-01-02 09:32:08,35.85,267,9572
2026-01-02 09:32:09,35.85,280,10038
2026-01-02 09:32:10,35.85,244,8747
2026-01-02 09:32:11,35.85,278,9966
2026-01-02 09:32:12,35.85,264,9464
2026-01-02 09:32:13,35.85,268,9608
2026-01-02 09:32:14,35.85,274,9823
2026-01-02 09:32:15,35.85,249,8927
2026-01-02 09:32:16,35.85,228,8174
2026-01-02 09:32:17,35.85,262,9393
2026-01-02 09:32:18,35.85,259,9285
2026-01-02 09:32:19,35.85,271,9715
2026-01-02 09:32:20,35.85,260,9321
2026-01-02 09:32:21,35.85,264,9464
2026-01-02 09:32:22,35.85,266,9536
2026-01-02 09:32:23,35.85,244,8747
2026-01-02 09:32:24,35.85,239,8568
2026-01-02 09:32:25,35.85,241,8640
2026-01-02 09:32:26,35.85,274,9823
2026-01-02 09:32:27,35.85,254,9106
2026-01-02 09:32:28,35.85,240,8604
2026-01-02 09:32:29,35.85,258,9249
2026-01-02 09:32:30,35.85,266,9536
2026-01-02 09:32:31,35.85,258,9249
2026-01-02 09:32:32,35.85,248,8891
2026-01-02 09:32:33,35.85,258,9249
2026-01-02 09:32:34,35.85,253,9070
2026-01-02 09:32:35,35.85,253,9070
2026-01-02 09:32:36,35.85,249,8927
2026-01-02 09:32:37,35.85,237,8496
2026-01-02 09:32:38,35.85,249,8927
2026-01-02 09:32:39,35.85,281,10074
2026-01-02 09:32:40,35.85,256,9178
2026-01-02 09:32:41,35.85,245,8783
2026-01-02 09:32:42,35.85,271,9715
2026-01-02 09:32:43,35.85,266,9536
2026-01-02 09:32:44,35.85,276,9895
2026-01-02 09:32:45,35.85,281,10074
2026-01-02 09:32:46,35.85,259,9285
2026-01-02 09:32:47,35.85,256,9178
2026-01-02 09:32:48,35.85,274,9823
2026-01-02 09:32:49,35.85,260,9321
2026-01-02 09:32:50,35.85,275,9859
2026-01-02 09:32:51,35.85,274,9823
2026-01-02 09:32:52,35.85,291,10432
2026-01-02 09:32:53,35.85,246,8819
2026-01-02 09:32:54,35.85,240,8604
2026-01-02 09:32:55,35.85,267,9572
2026-01-02 09:32:56,35.85,247,8855
2026-01-02 09:32:57,35.85,264,9464
2026-01-02 09:32:58,35.85,264,9464
2026-01-02 09:32:59,35.85,243,8712
2026-01-02 09:33:00,35.85,302,10827
2026-01-02 09:33:01,35.85,250,8962
2026-01-02 09:33:02,35.85,252,9034
2026-01-02 09:33:03,35.85,273,9787
2026-01-02 09:33:04,35.85,226,8102
2026-01-02 09:33:05,35.85,274,9823
2026-01-02 09:33:06,35.85,229,8210
2026-01-02 09:33:07,35.85,218,7815
2026-01-02 09:33:08,35.85,269,9644
2026-01-02 09:33:09,35.85,251,8998
2026-01-02 09:33:10,35.85,287,10289
2026-01-02 09:33:11,35.85,264,9464
2026-01-02 09:33:12,35.85,272,9751
2026-01-02 09:33:13,35.85,239,8568
2026-01-02 09:33:14,35.85,269,9644
2026-01-02 09:33:15,35.85,261,9357
2026-01-02 09:33:16,35.85,248,8891
2026-01-02 09:33:17,35.85,248,8891
2026-01-02 09:33:18,35.85,283,10146
2026-01-02 09:33:19,35.85,273,9787
2026-01-02 09:33:20,35.85,289,10361
2026-01-02 09:33:21,35.85,266,9536
2026-01-02 09:33:22,35.85,267,9572
2026-01-02 09:33:23,35.85,240,8604
2026-01-02 09:33:24,35.85,258,9249
2026-01-02 09:33:25,35.85,258,9249
2026-01-02 09:33:26,35.85,252,9034
2026-01-02 09:33:27,35.85,265,9500
2026-01-02 09:33:28,35.85,237,8496
2026-01-02 09:33:29,35.85,269,9644
2026-01-02 09:33:30,35.85,242,8676
2026-01-02 09:33:31,35.85,273,9787
2026-01-02 09:33:32,35.85,252,9034
2026-01-02 09:33:33,35.85,258,9249
2026-01-02 09:33:34,35.85,266,9536
2026-01-02 09:33:35,35.85,243,8712
2026-01-02 09:33:36,35.85,259,9285
2026-01-02 09:33:37,35.85,309,11078
2026-01-02 09:33:38,35.85,241,8640
2026-01-02 09:33:39,35.85,301,10791
2026-01-02 09:33:40,35.85,265,9500
2026-01-02 09:33:41,35.85,265,9500
2026-01-02 09:33:42,35.85,248,8891
2026-01-02 09:33:43,35.85,271,9715
2026-01-02 09:33:44,35.85,228,8174
2026-01-02 09:33:45,35.85,283,10146
2026-01-02 09:33:46,35.85,250,8962
2026-01-02 09:33:47,35.85,269,9644
2026-01-02 09:33:48,35.85,261,9357
2026-01-02 09:33:49,35.85,271,9715
2026-01-02 09:33:50,35.85,241,8640
2026-01-02 09:33:51,35.85,261,9357
2026-01-02 09:33:52,35.85,264,9464
2026-01-02 09:33:53,35.85,261,9357
2026-01-02 09:33:54,35.85,236,8461
2026-01-02 09:33:55,35.85,263,9429
2026-01-02 09:33:56,35.85,246,8819
2026-01-02 09:33:57,35.85,249,8927
2026-01-02 09:33:58,35.85,239,8568
2026-01-02 09:33:59,35.85,269,9644
2026-01-02 09:34:00,35.85,269,9644
2026-01-02 09:34:01,35.85,253,9070
2026-01-02 09:34:02,35.85,259,9285
2026-01-02 09:34:03,35.85,251,8998
2026-01-02 09:34:04,35.85,255,9142
2026-01-02 09:34:05,35.85,258,9249
2026-01-02 09:34:06,35.85,245,8783
2026-01-02 09:34:07,35.85,264,9464
2026-01-02 09:34:08,35.85,242,8676
2026-01-02 09:34:09,35.85,257,9213
2026-01-02 09:34:10,35.85,245,8783
2026-01-02 09:34:11,35.85,247,8855
2026-01-02 09:34:12,35.85,252,9034
2026-01-02 09:34:13,35.85,229,8210
2026-01-02 09:34:14,35.85,224,8030
2026-01-02 09:34:15,35.85,282,10110
2026-01-02 09:34:16,35.85,262,9393
2026-01-02 09:34:17,35.85,249,8927
2026-01-02 09:34:18,35.85,241,8640
2026-01-02 09:34:19,35.85,224,8030
2026-01-02 09:34:20,35.85,259,9285
2026-01-02 09:34:21,35.85,240,8604
2026-01-02 09:34:22,35.85,248,8891
2026-01-02 09:34:23,35.85,269,9644
2026-01-02 09:34:24,35.85,274,9823
2026-01-02 09:34:25,35.85,228,8174
2026-01-02 09:34:26,35.85,244,8747
2026-01-02 09:34:27,35.85,242,8676
2026-01-02 09:34:28,35.85,232,8317
2026-01-02 09:34:29,35.85,266,9536
2026-01-02 09:34:30,35.85,241,8640
2026-01-02 09:34:31,35.85,233,8353
2026-01-02 09:34:32,35.85,236,8461
2026-01-02 09:34:33,35.85,235,8425
2026-01-02 09:34:34,35.85,269,9644
2026-01-02 09:34:35,35.85,255,9142
2026-01-02 09:34:36,35.85,237,8496
2026-01-02 09:34:37,35.85,244,8747
2026-01-02 09:34:38,35.85,268,9608
2026-01-02 09:34:39,35.85,237,8496
2026-01-02 09:34:40,35.85,275,9859
2026-01-02 09:34:41,35.85,259,9285
2026-01-02 09:34:42,35.85,274,9823
2026-01-02 09:34:43,35.85,239,8568
2026-01-02 09:34:44,35.85,276,9895
2026-01-02 09:34:45,35.85,253,9070
2026-01-02 09:34:46,35.85,269,9644
2026-01-02 09:34:47,35.85,225,8066
2026-01-02 09:34:48,35.85,279,10002
2026-01-02 09:34:49,35.85,255,9142
2026-01-02 09:34:50,35.85,241,8640
2026-01-02 09:34:51,35.85,239,8568
2026-01-02 09:34:52,35.85,246,8819
2026-01-02 09:34:53,35.85,236,8461
2026-01-02 09:34:54,35.85,247,8855
2026-01-02 09:34:55,35.85,265,9500
2026-01-02 09:34:56,35.85,244,8747
2026-01-02 09:34:57,35.85,247,8855
2026-01-02 09:34:58,35.85,269,9644
2026-01-02 09:34:59,35.85,248,8891
2026-01-02 09:35:00,35.85,258,9249
2026-01-02 09:35:01,35.85,245,8783
2026-01-02 09:35:02,35.85,243,8712
2026-01-02 09:35:03,35.85,235,8425
2026-01-02 09:35:04,35.85,241,8640
2026-01-02 09:35:05,35.85,267,9572
2026-01-02 09:35:06,35.85,225,8066
2026-01-02 09:35:07,35.85,248,8891
2026-01-02 09:35:08,35.85,243,8712
2026-01-02 09:35:09,35.85,264,9464
2026-01-02 09:35:10,35.85,239,8568
2026-01-02 09:35:11,35.85,247,8855
2026-01-02 09:35:12,35.85,265,9500
2026-01-02 09:35:13,35.85,254,9106
2026-01-02 09:35:14,35.85,258,9249
2026-01-02 09:35:15,35.85,253,9070
2026-01-02 09:35:16,35.85,238,8532
2026-01-02 09:35:17,35.85,269,9644
2026-01-02 09:35:18,35.85,274,9823
2026-01-02 09:35:19,35.85,261,9357
2026-01-02 09:35:20,35.85,238,8532
2026-01-02 09:35:21,35.85,211,7564
2026-01-02 09:35:22,35.85,236,8461
2026-01-02 09:35:23,35.85,239,8568
2026-01-02 09:35:24,35.85,230,8246
2026-01-02 09:35:25,35.85,262,9393
2026-01-02 09:35:26,35.85,260,9321
2026-01-02 09:35:27,35.85,260,9321
2026-01-02 09:35:28,35.85,228,8174
2026-01-02 09:35:29,35.85,278,9966
2026-01-02 09:35:30,35.85,230,8246
2026-01-02 09:35:31,35.85,241,8640
2026-01-02 09:35:32,35.85,236,8461
2026-01-02 09:35:33,35.85,269,9644
2026-01-02 09:35:34,35.85,270,9680
2026-01-02 09:35:35,35.85,271,9715
2026-01-02 09:35:36,35.85,275,9859
2026-01-02 09:35:37,35.85,242,8676
2026-01-02 09:35:38,35.85,266,9536
2026-01-02 09:35:39,35.85,254,9106
2026-01-02 09:35:40,35.85,235,8425
2026-01-02 09:35:41,35.85,255,9142
2026-01-02 09:35:42,35.85,261,9357
2026-01-02 09:35:43,35.85,240,8604
2026-01-02 09:35:44,35.85,256,9178
2026-01-02 09:35:45,35.85,282,10110
2026-01-02 09:35:46,35.85,251,8998
2026-01-02 09:35:47,35.85,258,9249
2026-01-02 09:35:48,35.85,262,9393
2026-01-02 09:35:49,35.85,278,9966
2026-01-02 09:35:50,35.85,251,8998
2026-01-02 09:35:51,35.85,243,8712
2026-01-02 09:35:52,35.85,242,8676
2026-01-02 09:35:53,35.85,246,8819
2026-01-02 09:35:54,35.85,270,9680
2026-01-02 09:35:55,35.85,263,9429
2026-01-02 09:35:56,35.85,240,8604
2026-01-02 09:35:57,35.85,227,8138
2026-01-02 09:35:58,35.85,235,8425
2026-01-02 09:35:59,35.85,257,9213
2026-01-02 09:36:00,35.85,232,8317
2026-01-02 09:36:01,35.85,255,9142
2026-01-02 09:36:02,35.85,244,8747
2026-01-02 09:36:03,35.85,259,9285
2026-01-02 09:36:04,35.85,269,9644
2026-01-02 09:36:05,35.85,273,9787
2026-01-02 09:36:06,35.85,220,7887
2026-01-02 09:36:07,35.85,248,8891
2026-01-02 09:36:08,35.85,244,8747
2026-01-02 09:36:09,35.85,246,8819
2026-01-02 09:36:10,35.85,252,9034
2026-01-02 09:36:11,35.85,228,8174
2026-01-02 09:36:12,35.85,227,8138
2026-01-02 09:36:13,35.85,253,9070
2026-01-02 09:36:14,35.85,261,9357
2026-01-02 09:36:15,35.85,258,9249
2026-01-02 09:36:16,35.85,267,9572
2026-01-02 09:36:17,35.85,247,8855
2026-01-02 09:36:18,35.85,248,8891
2026-01-02 09:36:19,35.85,237,8496
2026-01-02 09:36:20,35.85,244,8747
2026-01-02 09:36:21,35.85,240,8604
2026-01-02 09:36:22,35.85,240,8604
2026-01-02 09:36:23,35.85,241,8640
2026-01-02 09:36:24,35.85,297,10647
2026-01-02 09:36:25,35.85,243,8712
2026-01-02 09:36:26,35.85,254,9106
2026-01-02 09:36:27,35.85,235,8425
2026-01-02 09:36:28,35.85,242,8676
2026-01-02 09:36:29,35.85,249,8927
2026-01-02 09:36:30,35.85,241,8640
2026-01-02 09:36:31,35.85,255,9142
2026-01-02 09:36:32,35.85,244,8747
2026-01-02 09:36:33,35.85,259,9285
2026-01-02 09:36:34,35.85,243,8712
2026-01-02 09:36:35,35.85,245,8783
2026-01-02 09:36:36,35.85,225,8066
2026-01-02 09:36:37,35.85,252,9034
2026-01-02 09:36:38,35.85,246,8819
2026-01-02 09:36:39,35.85,258,9249
2026-01-02 09:36:40,35.85,234,8389
2026-01-02 09:36:41,35.85,244,8747
2026-01-02 09:36:42,35.85,252,9034
2026-01-02 09:36:43,35.85,283,10146
2026-01-02 09:36:44,35.85,209,7493
2026-01-02 09:36:45,35.85,223,7995
2026-01-02 09:36:46,35.85,237,8496
2026-01-02 09:36:47,35.85,237,8496
2026-01-02 09:36:48,35.85,254,9106
2026-01-02 09:36:49,35.85,285,10217
2026-01-02 09:36:50,35.85,285,10217
2026-01-02 09:36:51,35.85,225,8066
2026-01-02 09:36:52,35.85,268,9608
2026-01-02 09:36:53,35.85,242,8676
2026-01-02 09:36:54,35.85,239,8568
2026-01-02 09:36:55,35.85,238,8532
2026-01-02 09:36:56,35.85,262,9393
2026-01-02 09:36:57,35.85,224,8030
2026-01-02 09:36:58,35.85,238,8532
2026-01-02 09:36:59,35.85,257,9213
2026-01-02 09:37:00,35.85,240,8604
2026-01-02 09:37:01,35.85,240,8604
2026-01-02 09:37:02,35.85,238,8532
2026-01-02 09:37:03,35.85,239,8568
2026-01-02 09:37:04,35.85,247,8855
2026-01-02 09:37:05,35.85,254,9106
2026-01-02 09:37:06,35.85,250,8962
2026-01-02 09:37:07,35.85,244,8747
2026-01-02 09:37:08,35.85,234,8389
2026-01-02 09:37:09,35.85,237,8496
2026-01-02 09:37:10,35.85,237,8496
2026-01-02 09:37:11,35.85,222,7959
2026-01-02 09:37:12,35.85,251,8998
2026-01-02 09:37:13,35.85,228,8174
2026-01-02 09:37:14,35.85,267,9572
2026-01-02 09:37:15,35.85,246,8819
2026-01-02 09:37:16,35.85,250,8962
2026-01-02 09:37:17,35.85,250,8962
2026-01-02 09:37:18,35.85,253,9070
2026-01-02 09:37:19,35.85,240,8604
2026-01-02 09:37:20,35.85,253,9070
2026-01-02 09:37:21,35.85,259,9285
2026-01-02 09:37:22,35.85,238,8532
2026-01-02 09:37:23,35.85,266,9536
2026-01-02 09:37:24,35.85,257,9213
2026-01-02 09:37:25,35.85,244,8747
2026-01-02 09:37:26,35.85,260,9321
2026-01-02 09:37:27,35.85,229,8210
2026-01-02 09:37:28,35.85,276,9895
2026-01-02 09:37:29,35.85,259,9285
2026-01-02 09:37:30,35.85,273,9787
2026-01-02 09:37:31,35.85,241,8640
2026-01-02 09:37:32,35.85,260,9321
2026-01-02 09:37:33,35.85,229,8210
2026-01-02 09:37:34,35.85,277,9930
2026-01-02 09:37:35,35.85,258,9249
2026-01-02 09:37:36,35.85,250,8962
2026-01-02 09:37:37,35.85,247,8855
2026-01-02 09:37:38,35.85,234,8389
2026-01-02 09:37:39,35.85,255,9142
2026-01-02 09:37:40,35.85,212,7600
2026-01-02 09:37:41,35.85,225,8066
2026-01-02 09:37:42,35.85,218,7815
2026-01-02 09:37:43,35.85,243,8712
2026-01-02 09:37:44,35.85,241,8640
2026-01-02 09:37:45,35.85,257,9213
2026-01-02 09:37:46,35.85,254,9106
2026-01-02 09:37:47,35.85,229,8210
2026-01-02 09:37:48,35.85,285,10217
2026-01-02 09:37:49,35.85,233,8353
2026-01-02 09:37:50,35.85,243,8712
2026-01-02 09:37:51,35.85,244,8747
2026-01-02 09:37:52,35.85,227,8138
2026-01-02 09:37:53,35.85,264,9464
2026-01-02 09:37:54,35.85,241,8640
2026-01-02 09:37:55,35.85,236,8461
2026-01-02 09:37:56,35.85,263,9429
2026-01-02 09:37:57,35.85,244,8747
2026-01-02 09:37:58,35.85,241,8640
2026-01-02 09:37:59,35.85,259,9285
2026-01-02 09:38:00,35.85,227,8138
2026-01-02 09:38:01,35.85,242,8676
2026-01-02 09:38:02,35.85,255,9142
2026-01-02 09:38:03,35.85,251,8998
2026-01-02 09:38:04,35.85,267,9572
2026-01-02 09:38:05,35.85,267,9572
2026-01-02 09:38:06,35.85,242,8676
2026-01-02 09:38:07,35.85,224,8030
2026-01-02 09:38:08,35.85,237,8496
2026-01-02 09:38:09,35.85,234,8389
2026-01-02 09:38:10,35.85,234,8389
2026-01-02 09:38:11,35.85,257,9213
2026-01-02 09:38:12,35.85,258,9249
2026-01-02 09:38:13,35.85,233,8353
2026-01-02 09:38:14,35.85,242,8676
2026-01-02 09:38:15,35.85,251,8998
2026-01-02 09:38:16,35.85,248,8891
2026-01-02 09:38:17,35.85,239,8568
2026-01-02 09:38:18,35.85,230,8246
2026-01-02 09:38:19,35.85,250,8962
2026-01-02 09:38:20,35.85,247,8855
2026-01-02 09:38:21,35.85,226,8102
2026-01-02 09:38:22,35.85,245,8783
2026-01-02 09:38:23,35.85,245,8783
2026-01-02 09:38:24,35.85,235,8425
2026-01-02 09:38:25,35.85,271,9715
2026-01-02 09:38:26,35.85,225,8066
2026-01-02 09:38:27,35.85,250,8962
2026-01-02 09:38:28,35.85,242,8676
2026-01-02 09:38:29,35.85,221,7923
2026-01-02 09:38:30,35.85,227,8138
2026-01-02 09:38:31,35.85,251,8998
2026-01-02 09:38:32,35.85,219,7851
2026-01-02 09:38:33,35.85,249,8927
2026-01-02 09:38:34,35.85,244,8747
2026-01-02 09:38:35,35.85,247,8855
2026-01-02 09:38:36,35.85,237,8496
2026-01-02 09:38:37,35.85,221,7923
2026-01-02 09:38:38,35.85,253,9070
2026-01-02 09:38:39,35.85,251,8998
2026-01-02 09:38:40,35.85,254,9106
2026-01-02 09:38:41,35.85,239,8568
2026-01-02 09:38:42,35.85,233,8353
2026-01-02 09:38:43,35.85,228,8174
2026-01-02 09:38:44,35.85,228,8174
2026-01-02 09:38:45,35.85,245,8783
2026-01-02 09:38:46,35.85,241,8640
2026-01-02 09:38:47,35.85,240,8604
2026-01-02 09:38:48,35.85,260,9321
2026-01-02 09:38:49,35.85,221,7923
2026-01-02 09:38:50,35.85,223,7995
2026-01-02 09:38:51,35.85,250,8962
2026-01-02 09:38:52,35.85,231,8281
2026-01-02 09:38:53,35.85,248,8891
2026-01-02 09:38:54,35.85,269,9644
2026-01-02 09:38:55,35.85,219,7851
2026-01-02 09:38:56,35.85,203,7278
2026-01-02 09:38:57,35.85,213,7636
2026-01-02 09:38:58,35.85,238,8532
2026-01-02 09:38:59,35.85,246,8819
2026-01-02 09:39:00,35.85,238,8532
2026-01-02 09:39:01,35.85,259,9285
2026-01-02 09:39:02,35.85,247,8855
2026-01-02 09:39:03,35.85,241,8640
2026-01-02 09:39:04,35.85,234,8389
2026-01-02 09:39:05,35.85,236,8461
2026-01-02 09:39:06,35.85,231,8281
2026-01-02 09:39:07,35.85,273,9787
2026-01-02 09:39:08,35.85,268,9608
2026-01-02 09:39:09,35.85,228,8174
2026-01-02 09:39:10,35.85,240,8604
2026-01-02 09:39:11,35.85,251,8998
2026-01-02 09:39:12,35.85,237,8496
2026-01-02 09:39:13,35.85,257,9213
2026-01-02 09:39:14,35.85,243,8712
2026-01-02 09:39:15,35.85,229,8210
2026-01-02 09:39:16,35.85,267,9572
2026-01-02 09:39:17,35.85,234,8389
2026-01-02 09:39:18,35.85,263,9429
2026-01-02 09:39:19,35.85,237,8496
2026-01-02 09:39:20,35.85,240,8604
2026-01-02 09:39:21,35.85,252,9034
2026-01-02 09:39:22,35.85,259,9285
2026-01-02 09:39:23,35.85,242,8676
2026-01-02 09:39:24,35.85,234,8389
2026-01-02 09:39:25,35.85,240,8604
2026-01-02 09:39:26,35.85,242,8676
2026-01-02 09:39:27,35.85,252,9034
2026-01-02 09:39:28,35.85,222,7959
2026-01-02 09:39:29,35.85,220,7887
2026-01-02 09:39:30,35.85,281,10074
2026-01-02 09:39:31,35.85,217,7779
2026-01-02 09:39:32,35.85,218,7815
2026-01-02 09:39:33,35.85,245,8783
2026-01-02 09:39:34,35.85,248,8891
2026-01-02 09:39:35,35.85,227,8138
2026-01-02 09:39:36,35.85,226,8102
2026-01-02 09:39:37,35.85,224,8030
2026-01-02 09:39:38,35.85,237,8496
2026-01-02 09:39:39,35.85,199,7134
2026-01-02 09:39:40,35.85,246,8819
2026-01-02 09:39:41,35.85,256,9178
2026-01-02 09:39:42,35.85,245,8783
2026-01-02 09:39:43,35.85,260,9321
2026-01-02 09:39:44,35.85,261,9357
2026-01-02 09:39:45,35.85,257,9213
2026-01-02 09:39:46,35.85,236,8461
2026-01-02 09:39:47,35.85,231,8281
2026-01-02 09:39:48,35.85,224,8030
2026-01-02 09:39:49,35.85,258,9249
2026-01-02 09:39:50,35.85,232,8317
2026-01-02 09:39:51,35.85,220,7887
2026-01-02 09:39:52,35.85,204,7313
2026-01-02 09:39:53,35.85,248,8891
2026-01-02 09:39:54,35.85,244,8747
2026-01-02 09:39:55,35.85,262,9393
2026-01-02 09:39:56,35.85,235,8425
2026-01-02 09:39:57,35.85,230,8246
2026-01-02 09:39:58,35.85,244,8747
2026-01-02 09:39:59,35.85,260,9321
2026-01-02 09:40:00,35.85,259,9285
2026-01-02 09:40:01,35.85,235,8425
2026-01-02 09:40:02,35.85,225,8066
2026-01-02 09:40:03,35.85,249,8927
2026-01-02 09:40:04,35.85,251,8998
2026-01-02 09:40:05,35.85,225,8066
2026-01-02 09:40:06,35.85,241,8640
2026-01-02 09:40:07,35.85,241,8640
2026-01-02 09:40:08,35.85,245,8783
2026-01-02 09:40:09,35.85,250,8962
2026-01-02 09:40:10,35.85,264,9464
2026-01-02 09:40:11,35.85,233,8353
2026-01-02 09:40:12,35.85,269,9644
2026-01-02 09:40:13,35.85,252,9034
2026-01-02 09:40:14,35.85,219,7851
2026-01-02 09:40:15,35.85,226,8102
2026-01-02 09:40:16,35.85,220,7887
2026-01-02 09:40:17,35.85,221,7923
2026-01-02 09:40:18,35.85,245,8783
2026-01-02 09:40:19,35.85,240,8604
2026-01-02 09:40:20,35.85,233,8353
2026-01-02 09:40:21,35.85,256,9178
2026-01-02 09:40:22,35.85,238,8532
2026-01-02 09:40:23,35.85,247,8855
2026-01-02 09:40:24,35.85,232,8317
2026-01-02 09:40:25,35.85,221,7923
2026-01-02 09:40:26,35.85,230,8246
2026-01-02 09:40:27,35.85,241,8640
2026-01-02 09:40:28,35.85,240,8604
2026-01-02 09:40:29,35.85,192,6883
2026-01-02 09:40:30,35.85,252,9034
2026-01-02 09:40:31,35.85,253,9070
2026-01-02 09:40:32,35.85,238,8532
2026-01-02 09:40:33,35.85,252,9034
2026-01-02 09:40:34,35.85,248,8891
2026-01-02 09:40:35,35.85,263,9429
2026-01-02 09:40:36,35.85,230,8246
2026-01-02 09:40:37,35.85,250,8962
2026-01-02 09:40:38,35.85,247,8855
2026-01-02 09:40:39,35.85,219,7851
2026-01-02 09:40:40,35.85,217,7779
2026-01-02 09:40:41,35.85,265,9500
2026-01-02 09:40:42,35.85,249,8927
2026-01-02 09:40:43,35.85,223,7995
2026-01-02 09:40:44,35.85,243,8712
2026-01-02 09:40:45,35.85,227,8138
2026-01-02 09:40:46,35.85,249,8927
2026-01-02 09:40:47,35.85,231,8281
2026-01-02 09:40:48,35.85,220,7887
2026-01-02 09:40:49,35.85,247,8855
2026-01-02 09:40:50,35.85,272,9751
2026-01-02 09:40:51,35.85,234,8389
2026-01-02 09:40:52,35.85,261,9357
2026-01-02 09:40:53,35.85,233,8353
2026-01-02 09:40:54,35.85,223,7995
2026-01-02 09:40:55,35.85,213,7636
2026-01-02 09:40:56,35.85,260,9321
2026-01-02 09:40:57,35.85,252,9034
2026-01-02 09:40:58,35.85,246,8819
2026-01-02 09:40:59,35.85,264,9464
2026-01-02 09:41:00,35.85,238,8532
2026-01-02 09:41:01,35.85,226,8102
2026-01-02 09:41:02,35.85,224,8030
2026-01-02 09:41:03,35.85,261,9357
2026-01-02 09:41:04,35.85,229,8210
2026-01-02 09:41:05,35.85,221,7923
2026-01-02 09:41:06,35.85,249,8927
2026-01-02 09:41:07,35.85,241,8640
2026-01-02 09:41:08,35.85,218,7815
2026-01-02 09:41:09,35.85,230,8246
2026-01-02 09:41:10,35.85,212,7600
2026-01-02 09:41:11,35.85,229,8210
2026-01-02 09:41:12,35.85,248,8891
2026-01-02 09:41:13,35.85,245,8783
2026-01-02 09:41:14,35.85,225,8066
2026-01-02 09:41:15,35.85,260,9321
2026-01-02 09:41:16,35.85,252,9034
2026-01-02 09:41:17,35.85,242,8676
2026-01-02 09:41:18,35.85,247,8855
2026-01-02 09:41:19,35.85,254,9106
2026-01-02 09:41:20,35.85,225,8066
2026-01-02 09:41:21,35.85,223,7995
2026-01-02 09:41:22,35.85,237,8496
2026-01-02 09:41:23,35.85,233,8353
2026-01-02 09:41:24,35.85,210,7528
2026-01-02 09:41:25,35.85,209,7493
2026-01-02 09:41:26,35.85,240,8604
2026-01-02 09:41:27,35.85,241,8640
2026-01-02 09:41:28,35.85,253,9070
2026-01-02 09:41:29,35.85,216,7744
2026-01-02 09:41:30,35.85,205,7349
2026-01-02 09:41:31,35.85,239,8568
2026-01-02 09:41:32,35.85,235,8425
2026-01-02 09:41:33,35.85,237,8496
2026-01-02 09:41:34,35.85,227,8138
2026-01-02 09:41:35,35.85,240,8604
2026-01-02 09:41:36,35.85,243,8712
2026-01-02 09:41:37,35.85,235,8425
2026-01-02 09:41:38,35.85,219,7851
2026-01-02 09:41:39,35.85,210,7528
2026-01-02 09:41:40,35.85,220,7887
2026-01-02 09:41:41,35.85,235,8425
2026-01-02 09:41:42,35.85,235,8425
2026-01-02 09:41:43,35.85,226,8102
2026-01-02 09:41:44,35.85,218,7815
2026-01-02 09:41:45,35.85,234,8389
2026-01-02 09:41:46,35.85,245,8783
2026-01-02 09:41:47,35.85,208,7457
2026-01-02 09:41:48,35.85,230,8246
2026-01-02 09:41:49,35.85,228,8174
2026-01-02 09:41:50,35.85,235,8425
2026-01-02 09:41:51,35.85,214,7672
2026-01-02 09:41:52,35.85,229,8210
2026-01-02 09:41:53,35.85,260,9321
2026-01-02 09:41:54,35.85,243,8712
2026-01-02 09:41:55,35.85,229,8210
2026-01-02 09:41:56,35.85,200,7170
2026-01-02 09:41:57,35.85,215,7708
2026-01-02 09:41:58,35.85,234,8389
2026-01-02 09:41:59,35.85,235,8425
2026-01-02 09:42:00,35.85,250,8962
2026-01-02 09:42:01,35.85,222,7959
2026-01-02 09:42:02,35.85,238,8532
2026-01-02 09:42:03,35.85,239,8568
2026-01-02 09:42:04,35.85,221,7923
2026-01-02 09:42:05,35.85,265,9500
2026-01-02 09:42:06,35.85,227,8138
2026-01-02 09:42:07,35.85,237,8496
2026-01-02 09:42:08,35.85,212,7600
2026-01-02 09:42:09,35.85,213,7636
2026-01-02 09:42:10,35.85,245,8783
2026-01-02 09:42:11,35.85,234,8389
2026-01-02 09:42:12,35.85,259,9285
2026-01-02 09:42:13,35.85,209,7493
2026-01-02 09:42:14,35.85,227,8138
2026-01-02 09:42:15,35.85,236,8461
2026-01-02 09:42:16,35.85,224,8030
2026-01-02 09:42:17,35.85,232,8317
2026-01-02 09:42:18,35.85,210,7528
2026-01-02 09:42:19,35.85,234,8389
2026-01-02 09:42:20,35.85,226,8102
2026-01-02 09:42:21,35.85,238,8532
2026-01-02 09:42:22,35.85,274,9823
2026-01-02 09:42:23,35.85,222,7959
2026-01-02 09:42:24,35.85,232,8317
2026-01-02 09:42:25,35.85,241,8640
2026-01-02 09:42:26,35.85,230,8246
2026-01-02 09:42:27,35.85,250,8962
2026-01-02 09:42:28,35.85,262,9393
2026-01-02 09:42:29,35.85,233,8353
2026-01-02 09:42:30,35.85,223,7995
2026-01-02 09:42:31,35.85,220,7887
2026-01-02 09:42:32,35.85,240,8604
2026-01-02 09:42:33,35.85,223,7995
2026-01-02 09:42:34,35.85,238,8532
2026-01-02 09:42:35,35.85,227,8138
2026-01-02 09:42:36,35.85,246,8819
2026-01-02 09:42:37,35.85,243,8712
2026-01-02 09:42:38,35.85,224,8030
2026-01-02 09:42:39,35.85,241,8640
2026-01-02 09:42:40,35.85,215,7708
2026-01-02 09:42:41,35.85,251,8998
2026-01-02 09:42:42,35.85,248,8891
2026-01-02 09:42:43,35.85,255,9142
2026-01-02 09:42:44,35.85,232,8317
2026-01-02 09:42:45,35.85,217,7779
2026-01-02 09:42:46,35.85,246,8819
2026-01-02 09:42:47,35.85,261,9357
2026-01-02 09:42:48,35.85,213,7636
2026-01-02 09:42:49,35.85,230,8246
2026-01-02 09:42:50,35.85,256,9178
2026-01-02 09:42:51,35.85,222,7959
2026-01-02 09:42:52,35.85,226,8102
2026-01-02 09:42:53,35.85,219,7851
2026-01-02 09:42:54,35.85,235,8425
2026-01-02 09:42:55,35.85,223,7995
2026-01-02 09:42:56,35.85,235,8425
2026-01-02 09:42:57,35.85,214,7672
2026-01-02 09:42:58,35.85,257,9213
2026-01-02 09:42:59,35.85,205,7349
2026-01-02 09:43:00,35.85,230,8246
2026-01-02 09:43:01,35.85,228,8174
2026-01-02 09:43:02,35.85,252,9034
2026-01-02 09:43:03,35.85,222,7959
2026-01-02 09:43:04,35.85,245,8783
2026-01-02 09:43:05,35.85,228,8174
2026-01-02 09:43:06,35.85,245,8783
2026-01-02 09:43:07,35.85,273,9787
2026-01-02 09:43:08,35.85,202,7242
2026-01-02 09:43:09,35.85,224,8030
2026-01-02 09:43:10,35.85,217,7779
2026-01-02 09:43:11,35.85,235,8425
2026-01-02 09:43:12,35.85,238,8532
2026-01-02 09:43:13,35.85,214,7672
2026-01-02 09:43:14,35.85,224,8030
2026-01-02 09:43:15,35.85,208,7457
2026-01-02 09:43:16,35.85,248,8891
2026-01-02 09:43:17,35.85,223,7995
2026-01-02 09:43:18,35.85,249,8927
2026-01-02 09:43:19,35.85,223,7995
2026-01-02 09:43:20,35.85,220,7887
2026-01-02 09:43:21,35.85,231,8281
2026-01-02 09:43:22,35.85,260,9321
2026-01-02 09:43:23,35.85,233,8353
2026-01-02 09:43:24,35.85,198,7098
2026-01-02 09:43:25,35.85,228,8174
2026-01-02 09:43:26,35.85,218,7815
2026-01-02 09:43:27,35.85,241,8640
2026-01-02 09:43:28,35.85,239,8568
2026-01-02 09:43:29,35.85,225,8066
2026-01-02 09:43:30,35.85,236,8461
2026-01-02 09:43:31,35.85,206,7385
2026-01-02 09:43:32,35.85,245,8783
2026-01-02 09:43:33,35.85,222,7959
2026-01-02 09:43:34,35.85,227,8138
2026-01-02 09:43:35,35.85,207,7421
2026-01-02 09:43:36,35.85,219,7851
2026-01-02 09:43:37,35.85,248,8891
2026-01-02 09:43:38,35.85,248,8891
2026-01-02 09:43:39,35.85,223,7995
2026-01-02 09:43:40,35.85,219,7851
2026-01-02 09:43:41,35.85,224,8030
2026-01-02 09:43:42,35.85,230,8246
2026-01-02 09:43:43,35.85,255,9142
2026-01-02 09:43:44,35.85,210,7528
2026-01-02 09:43:45,35.85,235,8425
2026-01-02 09:43:46,35.85,208,7457
2026-01-02 09:43:47,35.85,260,9321
2026-01-02 09:43:48,35.85,229,8210
2026-01-02 09:43:49,35.85,245,8783
2026-01-02 09:43:50,35.85,236,8461
2026-01-02 09:43:51,35.85,216,7744
2026-01-02 09:43:52,35.85,231,8281
2026-01-02 09:43:53,35.85,221,7923
2026-01-02 09:43:54,35.85,254,9106
2026-01-02 09:43:55,35.85,236,8461
2026-01-02 09:43:56,35.85,218,7815
2026-01-02 09:43:57,35.85,244,8747
2026-01-02 09:43:58,35.85,218,7815
2026-01-02 09:43:59,35.85,213,7636
2026-01-02 09:44:00,35.85,219,7851
2026-01-02 09:44:01,35.85,238,8532
2026-01-02 09:44:02,35.85,214,7672
2026-01-02 09:44:03,35.85,219,7851
2026-01-02 09:44:04,35.85,241,8640
2026-01-02 09:44:05,35.85,220,7887
2026-01-02 09:44:06,35.85,234,8389
2026-01-02 09:44:07,35.85,200,7170
2026-01-02 09:44:08,35.85,249,8927
2026-01-02 09:44:09,35.85,234,8389
2026-01-02 09:44:10,35.85,216,7744
2026-01-02 09:44:11,35.85,235,8425
2026-01-02 09:44:12,35.85,247,8855
2026-01-02 09:44:13,35.85,221,7923
2026-01-02 09:44:14,35.85,225,8066
2026-01-02 09:44:15,35.85,223,7995
2026-01-02 09:44:16,35.85,251,8998
2026-01-02 09:44:17,35.85,212,7600
2026-01-02 09:44:18,35.85,226,8102
2026-01-02 09:44:19,35.85,235,8425
2026-01-02 09:44:20,35.85,219,7851
2026-01-02 09:44:21,35.85,219,7851
2026-01-02 09:44:22,35.85,189,6776
2026-01-02 09:44:23,35.85,227,8138
2026-01-02 09:44:24,35.85,248,8891
2026-01-02 09:44:25,35.85,222,7959
2026-01-02 09:44:26,35.85,237,8496
2026-01-02 09:44:27,35.85,228,8174
2026-01-02 09:44:28,35.85,201,7206
2026-01-02 09:44:29,35.85,245,8783
2026-01-02 09:44:30,35.85,225,8066
2026-01-02 09:44:31,35.85,223,7995
2026-01-02 09:44:32,35.85,227,8138
2026-01-02 09:44:33,35.85,240,8604
2026-01-02 09:44:34,35.85,194,6955
2026-01-02 09:44:35,35.85,235,8425
2026-01-02 09:44:36,35.85,241,8640
2026-01-02 09:44:37,35.85,241,8640
2026-01-02 09:44:38,35.85,205,7349
2026-01-02 09:44:39,35.85,228,8174
2026-01-02 09:44:40,35.85,232,8317
2026-01-02 09:44:41,35.85,236,8461
2026-01-02 09:44:42,35.85,212,7600
2026-01-02 09:44:43,35.85,212,7600
2026-01-02 09:44:44,35.85,212,7600
2026-01-02 09:44:45,35.85,193,6919
2026-01-02 09:44:46,35.85,219,7851
2026-01-02 09:44:47,35.85,223,7995
2026-01-02 09:44:48,35.85,248,8891
2026-01-02 09:44:49,35.85,222,7959
2026-01-02 09:44:50,35.85,200,7170
2026-01-02 09:44:51,35.85,248,8891
2026-01-02 09:44:52,35.85,211,7564
2026-01-02 09:44:53,35.85,219,7851
2026-01-02 09:44:54,35.85,249,8927
2026-01-02 09:44:55,35.85,241,8640
2026-01-02 09:44:56,35.85,230,8246
2026-01-02 09:44:57,35.85,239,8568
2026-01-02 09:44:58,35.85,233,8353
2026-01-02 09:44:59,35.85,224,8030
2026-01-02 09:45:00,35.85,240,8604
2026-01-02 09:45:01,35.85,218,7815
2026-01-02 09:45:02,35.85,216,7744
2026-01-02 09:45:03,35.85,212,7600
2026-01-02 09:45:04,35.85,206,7385
2026-01-02 09:45:05,35.85,229,8210
2026-01-02 09:45:06,35.85,225,8066
2026-01-02 09:45:07,35.85,237,8496
2026-01-02 09:45:08,35.85,231,8281
2026-01-02 09:45:09,35.85,225,8066
2026-01-02 09:45:10,35.85,221,7923
2026-01-02 09:45:11,35.85,231,8281
2026-01-02 09:45:12,35.85,222,7959
2026-01-02 09:45:13,35.85,250,8962
2026-01-02 09:45:14,35.85,238,8532
2026-01-02 09:45:15,35.85,223,7995
2026-01-02 09:45:16,35.85,214,7672
2026-01-02 09:45:17,35.85,193,6919
2026-01-02 09:45:18,35.85,225,8066
2026-01-02 09:45:19,35.85,236,8461
2026-01-02 09:45:20,35.85,223,7995
2026-01-02 09:45:21,35.85,224,8030
2026-01-02 09:45:22,35.85,227,8138
2026-01-02 09:45:23,35.85,221,7923
2026-01-02 09:45:24,35.85,231,8281
2026-01-02 09:45:25,35.85,238,8532
2026-01-02 09:45:26,35.85,232,8317
2026-01-02 09:45:27,35.85,232,8317
2026-01-02 09:45:28,35.85,215,7708
2026-01-02 09:45:29,35.85,229,8210
2026-01-02 09:45:30,35.85,253,9070
2026-01-02 09:45:31,35.85,220,7887
2026-01-02 09:45:32,35.85,191,6847
2026-01-02 09:45:33,35.85,224,8030
2026-01-02 09:45:34,35.85,191,6847
2026-01-02 09:45:35,35.85,235,8425
2026-01-02 09:45:36,35.85,223,7995
2026-01-02 09:45:37,35.85,199,7134
2026-01-02 09:45:38,35.85,242,8676
2026-01-02 09:45:39,35.85,221,7923
2026-01-02 09:45:40,35.85,208,7457
2026-01-02 09:45:41,35.85,218,7815
2026-01-02 09:45:42,35.85,221,7923
2026-01-02 09:45:43,35.85,261,9357
2026-01-02 09:45:44,35.85,229,8210
2026-01-02 09:45:45,35.85,224,8030
2026-01-02 09:45:46,35.85,234,8389
2026-01-02 09:45:47,35.85,214,7672
2026-01-02 09:45:48,35.85,210,7528
2026-01-02 09:45:49,35.85,227,8138
2026-01-02 09:45:50,35.85,242,8676
2026-01-02 09:45:51,35.85,199,7134
2026-01-02 09:45:52,35.85,251,8998
2026-01-02 09:45:53,35.85,232,8317
2026-01-02 09:45:54,35.85,221,7923
2026-01-02 09:45:55,35.85,215,7708
2026-01-02 09:45:56,35.85,218,7815
2026-01-02 09:45:57,35.85,214,7672
2026-01-02 09:45:58,35.85,215,7708
2026-01-02 09:45:59,35.85,219,7851
2026-01-02 09:46:00,35.85,241,8640
2026-01-02 09:46:01,35.85,210,7528
2026-01-02 09:46:02,35.85,235,8425
2026-01-02 09:46:03,35.85,212,7600
2026-01-02 09:46:04,35.85,182,6525
2026-01-02 09:46:05,35.85,212,7600
2026-01-02 09:46:06,35.85,223,7995
2026-01-02 09:46:07,35.85,224,8030
2026-01-02 09:46:08,35.85,218,7815
2026-01-02 09:46:09,35.85,234,8389
2026-01-02 09:46:10,35.85,235,8425
2026-01-02 09:46:11,35.85,235,8425
2026-01-02 09:46:12,35.85,235,8425
2026-01-02 09:46:13,35.85,218,7815
2026-01-02 09:46:14,35.85,228,8174
2026-01-02 09:46:15,35.85,243,8712
2026-01-02 09:46:16,35.85,206,7385
2026-01-02 09:46:17,35.85,200,7170
2026-01-02 09:46:18,35.85,236,8461
2026-01-02 09:46:19,35.85,215,7708
2026-01-02 09:46:20,35.85,236,8461
2026-01-02 09:46:21,35.85,247,8855
2026-01-02 09:46:22,35.85,230,8246
2026-01-02 09:46:23,35.85,249,8927
2026-01-02 09:46:24,35.85,232,8317
2026-01-02 09:46:25,35.85,224,8030
2026-01-02 09:46:26,35.85,218,7815
2026-01-02 09:46:27,35.85,223,7995
2026-01-02 09:46:28,35.85,256,9178
2026-01-02 09:46:29,35.85,210,7528
2026-01-02 09:46:30,35.85,211,7564
2026-01-02 09:46:31,35.85,240,8604
2026-01-02 09:46:32,35.85,207,7421
2026-01-02 09:46:33,35.85,226,8102
2026-01-02 09:46:34,35.85,192,6883
2026-01-02 09:46:35,35.85,243,8712
2026-01-02 09:46:36,35.85,243,8712
2026-01-02 09:46:37,35.85,246,8819
2026-01-02 09:46:38,35.85,201,7206
2026-01-02 09:46:39,35.85,236,8461
2026-01-02 09:46:40,35.85,243,8712
2026-01-02 09:46:41,35.85,236,8461
2026-01-02 09:46:42,35.85,218,7815
2026-01-02 09:46:43,35.85,225,8066
2026-01-02 09:46:44,35.85,202,7242
2026-01-02 09:46:45,35.85,230,8246
2026-01-02 09:46:46,35.85,228,8174
2026-01-02 09:46:47,35.85,217,7779
2026-01-02 09:46:48,35.85,212,7600
2026-01-02 09:46:49,35.85,225,8066
2026-01-02 09:46:50,35.85,219,7851
2026-01-02 09:46:51,35.85,229,8210
2026-01-02 09:46:52,35.85,229,8210
2026-01-02 09:46:53,35.85,247,8855
2026-01-02 09:46:54,35.85,233,8353
2026-01-02 09:46:55,35.85,204,7313
2026-01-02 09:46:56,35.85,213,7636
2026-01-02 09:46:57,35.85,229,8210
2026-01-02 09:46:58,35.85,227,8138
2026-01-02 09:46:59,35.85,198,7098
2026-01-02 09:47:00,35.85,225,8066
2026-01-02 09:47:01,35.85,231,8281
2026-01-02 09:47:02,35.85,203,7278
2026-01-02 09:47:03,35.85,208,7457
2026-01-02 09:47:04,35.85,221,7923
2026-01-02 09:47:05,35.85,223,7995
2026-01-02 09:47:06,35.85,198,7098
2026-01-02 09:47:07,35.85,218,7815
2026-01-02 09:47:08,35.85,221,7923
2026-01-02 09:47:09,35.85,211,7564
2026-01-02 09:47:10,35.85,238,8532
2026-01-02 09:47:11,35.85,231,8281
2026-01-02 09:47:12,35.85,238,8532
2026-01-02 09:47:13,35.85,203,7278
2026-01-02 09:47:14,35.85,213,7636
2026-01-02 09:47:15,35.85,201,7206
2026-01-02 09:47:16,35.85,224,8030
2026-01-02 09:47:17,35.85,203,7278
2026-01-02 09:47:18,35.85,215,7708
2026-01-02 09:47:19,35.85,223,7995
2026-01-02 09:47:20,35.85,215,7708
2026-01-02 09:47:21,35.85,224,8030
2026-01-02 09:47:22,35.85,213,7636
2026-01-02 09:47:23,35.85,244,8747
2026-01-02 09:47:24,35.85,223,7995
2026-01-02 09:47:25,35.85,221,7923
2026-01-02 09:47:26,35.85,210,7528
2026-01-02 09:47:27,35.85,221,7923
2026-01-02 09:47:28,35.85,225,8066
2026-01-02 09:47:29,35.85,214,7672
2026-01-02 09:47:30,35.85,219,7851
2026-01-02 09:47:31,35.85,237,8496
2026-01-02 09:47:32,35.85,199,7134
2026-01-02 09:47:33,35.85,234,8389
2026-01-02 09:47:34,35.85,237,8496
2026-01-02 09:47:35,35.85,228,8174
2026-01-02 09:47:36,35.85,226,8102
2026-01-02 09:47:37,35.85,237,8496
2026-01-02 09:47:38,35.85,223,7995
2026-01-02 09:47:39,35.85,223,7995
2026-01-02 09:47:40,35.85,217,7779
2026-01-02 09:47:41,35.85,220,7887
2026-01-02 09:47:42,35.85,227,8138
2026-01-02 09:47:43,35.85,204,7313
2026-01-02 09:47:44,35.85,208,7457
2026-01-02 09:47:45,35.85,266,9536
2026-01-02 09:47:46,35.85,230,8246
2026-01-02 09:47:47,35.85,200,7170
2026-01-02 09:47:48,35.85,226,8102
2026-01-02 09:47:49,35.85,218,7815
2026-01-02 09:47:50,35.85,245,8783
2026-01-02 09:47:51,35.85,232,8317
2026-01-02 09:47:52,35.85,197,7062
2026-01-02 09:47:53,35.85,227,8138
2026-01-02 09:47:54,35.85,191,6847
2026-01-02 09:47:55,35.85,220,7887
2026-01-02 09:47:56,35.85,228,8174
2026-01-02 09:47:57,35.85,212,7600
2026-01-02 09:47:58,35.85,214,7672
2026-01-02 09:47:59,35.85,204,7313
2026-01-02 09:48:00,35.85,218,7815
2026-01-02 09:48:01,35.85,219,7851
2026-01-02 09:48:02,35.85,194,6955
2026-01-02 09:48:03,35.85,222,7959
2026-01-02 09:48:04,35.85,192,6883
2026-01-02 09:48:05,35.85,218,7815
2026-01-02 09:48:06,35.85,208,7457
2026-01-02 09:48:07,35.85,213,7636
2026-01-02 09:48:08,35.85,220,7887
2026-01-02 09:48:09,35.85,242,8676
2026-01-02 09:48:10,35.85,209,7493
2026-01-02 09:48:11,35.85,232,8317
2026-01-02 09:48:12,35.85,217,7779
2026-01-02 09:48:13,35.85,208,7457
2026-01-02 09:48:14,35.85,222,7959
2026-01-02 09:48:15,35.85,211,7564
2026-01-02 09:48:16,35.85,205,7349
2026-01-02 09:48:17,35.85,216,7744
2026-01-02 09:48:18,35.85,219,7851
2026-01-02 09:48:19,35.85,229,8210
2026-01-02 09:48:20,35.85,222,7959
2026-01-02 09:48:21,35.85,224,8030
2026-01-02 09:48:22,35.85,260,9321
2026-01-02 09:48:23,35.85,234,8389
2026-01-02 09:48:24,35.85,211,7564
2026-01-02 09:48:25,35.85,227,8138
2026-01-02 09:48:26,35.85,248,8891
2026-01-02 09:48:27,35.85,205,7349
2026-01-02 09:48:28,35.85,219,7851
2026-01-02 09:48:29,35.85,231,8281
2026-01-02 09:48:30,35.85,227,8138
2026-01-02 09:48:31,35.85,224,8030
2026-01-02 09:48:32,35.85,199,7134
2026-01-02 09:48:33,35.85,213,7636
2026-01-02 09:48:34,35.85,224,8030
2026-01-02 09:48:35,35.85,209,7493
2026-01-02 09:48:36,35.85,211,7564
2026-01-02 09:48:37,35.85,228,8174
2026-01-02 09:48:38,35.85,225,8066
2026-01-02 09:48:39,35.85,231,8281
2026-01-02 09:48:40,35.85,219,7851
2026-01-02 09:48:41,35.85,226,8102
2026-01-02 09:48:42,35.85,207,7421
2026-01-02 09:48:43,35.85,195,6991
2026-01-02 09:48:44,35.85,225,8066
2026-01-02 09:48:45,35.85,216,7744
2026-01-02 09:48:46,35.85,205,7349
2026-01-02 09:48:47,35.85,228,8174
2026-01-02 09:48:48,35.85,223,7995
2026-01-02 09:48:49,35.85,227,8138
2026-01-02 09:48:50,35.85,203,7278
2026-01-02 09:48:51,35.85,226,8102
2026-01-02 09:48:52,35.85,208,7457
2026-01-02 09:48:53,35.85,218,7815
2026-01-02 09:48:54,35.85,208,7457
2026-01-02 09:48:55,35.85,233,8353
2026-01-02 09:48:56,35.85,246,8819
2026-01-02 09:48:57,35.85,218,7815
2026-01-02 09:48:58,35.85,223,7995
2026-01-02 09:48:59,35.85,214,7672
2026-01-02 09:49:00,35.85,211,7564
2026-01-02 09:49:01,35.85,224,8030
2026-01-02 09:49:02,35.85,209,7493
2026-01-02 09:49:03,35.85,194,6955
2026-01-02 09:49:04,35.85,225,8066
2026-01-02 09:49:05,35.85,214,7672
2026-01-02 09:49:06,35.85,226,8102
2026-01-02 09:49:07,35.85,222,7959
2026-01-02 09:49:08,35.85,225,8066
2026-01-02 09:49:09,35.85,212,7600
2026-01-02 09:49:10,35.85,217,7779
2026-01-02 09:49:11,35.85,203,7278
2026-01-02 09:49:12,35.85,215,7708
2026-01-02 09:49:13,35.85,206,7385
2026-01-02 09:49:14,35.85,207,7421
2026-01-02 09:49:15,35.85,213,7636
2026-01-02 09:49:16,35.85,186,6668
2026-01-02 09:49:17,35.85,234,8389
2026-01-02 09:49:18,35.85,195,6991
2026-01-02 09:49:19,35.85,230,8246
2026-01-02 09:49:20,35.85,225,8066
2026-01-02 09:49:21,35.85,204,7313
2026-01-02 09:49:22,35.85,247,8855
2026-01-02 09:49:23,35.85,216,7744
2026-01-02 09:49:24,35.85,225,8066
2026-01-02 09:49:25,35.85,205,7349
2026-01-02 09:49:26,35.85,226,8102
2026-01-02 09:49:27,35.85,200,7170
2026-01-02 09:49:28,35.85,221,7923
2026-01-02 09:49:29,35.85,212,7600
2026-01-02 09:49:30,35.85,197,7062
2026-01-02 09:49:31,35.85,235,8425
2026-01-02 09:49:32,35.85,238,8532
2026-01-02 09:49:33,35.85,244,8747
2026-01-02 09:49:34,35.85,204,7313
2026-01-02 09:49:35,35.85,216,7744
2026-01-02 09:49:36,35.85,226,8102
2026-01-02 09:49:37,35.85,215,7708
2026-01-02 09:49:38,35.85,203,7278
2026-01-02 09:49:39,35.85,214,7672
2026-01-02 09:49:40,35.85,209,7493
2026-01-02 09:49:41,35.85,202,7242
2026-01-02 09:49:42,35.85,219,7851
2026-01-02 09:49:43,35.85,228,8174
2026-01-02 09:49:44,35.85,217,7779
2026-01-02 09:49:45,35.85,194,6955
2026-01-02 09:49:46,35.85,198,7098
2026-01-02 09:49:47,35.85,220,7887
2026-01-02 09:49:48,35.85,234,8389
2026-01-02 09:49:49,35.85,233,8353
2026-01-02 09:49:50,35.85,199,7134
2026-01-02 09:49:51,35.85,229,8210
2026-01-02 09:49:52,35.85,204,7313
2026-01-02 09:49:53,35.85,217,7779
2026-01-02 09:49:54,35.85,224,8030
2026-01-02 09:49:55,35.85,216,7744
2026-01-02 09:49:56,35.85,222,7959
2026-01-02 09:49:57,35.85,221,7923
2026-01-02 09:49:58,35.85,206,7385
2026-01-02 09:49:59,35.85,220,7887
2026-01-02 09:50:00,35.85,204,7313
2026-01-02 09:50:01,35.85,219,7851
2026-01-02 09:50:02,35.85,235,8425
2026-01-02 09:50:03,35.85,218,7815
2026-01-02 09:50:04,35.85,188,6740
2026-01-02 09:50:05,35.85,221,7923
2026-01-02 09:50:06,35.85,239,8568
2026-01-02 09:50:07,35.85,232,8317
2026-01-02 09:50:08,35.85,241,8640
2026-01-02 09:50:09,35.85,221,7923
2026-01-02 09:50:10,35.85,226,8102
2026-01-02 09:50:11,35.85,218,7815
2026-01-02 09:50:12,35.85,192,6883
2026-01-02 09:50:13,35.85,205,7349
2026-01-02 09:50:14,35.85,227,8138
2026-01-02 09:50:15,35.85,203,7278
2026-01-02 09:50:16,35.85,212,7600
2026-01-02 09:50:17,35.85,228,8174
2026-01-02 09:50:18,35.85,213,7636
2026-01-02 09:50:19,35.85,206,7385
2026-01-02 09:50:20,35.85,214,7672
2026-01-02 09:50:21,35.85,196,7027
2026-01-02 09:50:22,35.85,224,8030
2026-01-02 09:50:23,35.85,193,6919
2026-01-02 09:50:24,35.85,220,7887
2026-01-02 09:50:25,35.85,202,7242
2026-01-02 09:50:26,35.85,220,7887
2026-01-02 09:50:27,35.85,188,6740
2026-01-02 09:50:28,35.85,212,7600
2026-01-02 09:50:29,35.85,236,8461
2026-01-02 09:50:30,35.85,236,8461
2026-01-02 09:50:31,35.85,188,6740
2026-01-02 09:50:32,35.85,224,8030
2026-01-02 09:50:33,35.85,227,8138
2026-01-02 09:50:34,35.85,220,7887
2026-01-02 09:50:35,35.85,181,6489
2026-01-02 09:50:36,35.85,196,7027
2026-01-02 09:50:37,35.85,190,6812
2026-01-02 09:50:38,35.85,227,8138
2026-01-02 09:50:39,35.85,197,7062
2026-01-02 09:50:40,35.85,186,6668
2026-01-02 09:50:41,35.85,201,7206
2026-01-02 09:50:42,35.85,205,7349
2026-01-02 09:50:43,35.85,204,7313
2026-01-02 09:50:44,35.85,234,8389
2026-01-02 09:50:45,35.85,186,6668
2026-01-02 09:50:46,35.85,222,7959
2026-01-02 09:50:47,35.85,220,7887
2026-01-02 09:50:48,35.85,233,8353
2026-01-02 09:50:49,35.85,239,8568
2026-01-02 09:50:50,35.85,191,6847
2026-01-02 09:50:51,35.85,197,7062
2026-01-02 09:50:52,35.85,226,8102
2026-01-02 09:50:53,35.85,248,8891
2026-01-02 09:50:54,35.85,218,7815
2026-01-02 09:50:55,35.85,217,7779
2026-01-02 09:50:56,35.85,235,8425
2026-01-02 09:50:57,35.85,218,7815
2026-01-02 09:50:58,35.85,198,7098
2026-01-02 09:50:59,35.85,204,7313
2026-01-02 09:51:00,35.85,211,7564
2026-01-02 09:51:01,35.85,184,6596
2026-01-02 09:51:02,35.85,215,7708
2026-01-02 09:51:03,35.85,192,6883
2026-01-02 09:51:04,35.85,240,8604
2026-01-02 09:51:05,35.85,208,7457
2026-01-02 09:51:06,35.85,213,7636
2026-01-02 09:51:07,35.85,194,6955
2026-01-02 09:51:08,35.85,207,7421
2026-01-02 09:51:09,35.85,213,7636
2026-01-02 09:51:10,35.85,239,8568
2026-01-02 09:51:11,35.85,196,7027
2026-01-02 09:51:12,35.85,210,7528
2026-01-02 09:51:13,35.85,204,7313
2026-01-02 09:51:14,35.85,213,7636
2026-01-02 09:51:15,35.85,194,6955
2026-01-02 09:51:16,35.85,224,8030
2026-01-02 09:51:17,35.85,195,6991
2026-01-02 09:51:18,35.85,237,8496
2026-01-02 09:51:19,35.85,198,7098
2026-01-02 09:51:20,35.85,216,7744
2026-01-02 09:51:21,35.85,209,7493
2026-01-02 09:51:22,35.85,235,8425
2026-01-02 09:51:23,35.85,198,7098
2026-01-02 09:51:24,35.85,201,7206
2026-01-02 09:51:25,35.85,202,7242
2026-01-02 09:51:26,35.85,184,6596
2026-01-02 09:51:27,35.85,219,7851
2026-01-02 09:51:28,35.85,231,8281
2026-01-02 09:51:29,35.85,194,6955
2026-01-02 09:51:30,35.85,185,6632
2026-01-02 09:51:31,35.85,198,7098
2026-01-02 09:51:32,35.85,221,7923
2026-01-02 09:51:33,35.85,205,7349
2026-01-02 09:51:34,35.85,196,7027
2026-01-02 09:51:35,35.85,198,7098
2026-01-02 09:51:36,35.85,236,8461
2026-01-02 09:51:37,35.85,206,7385
2026-01-02 09:51:38,35.85,190,6812
2026-01-02 09:51:39,35.85,188,6740
2026-01-02 09:51:40,35.85,199,7134
2026-01-02 09:51:41,35.85,235,8425
2026-01-02 09:51:42,35.85,224,8030
2026-01-02 09:51:43,35.85,212,7600
2026-01-02 09:51:44,35.85,206,7385
2026-01-02 09:51:45,35.85,219,7851
2026-01-02 09:51:46,35.85,216,7744
2026-01-02 09:51:47,35.85,209,7493
2026-01-02 09:51:48,35.85,193,6919
2026-01-02 09:51:49,35.85,235,8425
2026-01-02 09:51:50,35.85,203,7278
2026-01-02 09:51:51,35.85,186,6668
2026-01-02 09:51:52,35.85,218,7815
2026-01-02 09:51:53,35.85,223,7995
2026-01-02 09:51:54,35.85,206,7385
2026-01-02 09:51:55,35.85,207,7421
2026-01-02 09:51:56,35.85,218,7815
2026-01-02 09:51:57,35.85,233,8353
2026-01-02 09:51:58,35.85,209,7493
2026-01-02 09:51:59,35.85,204,7313
2026-01-02 09:52:00,35.85,209,7493
2026-01-02 09:52:01,35.85,219,7851
2026-01-02 09:52:02,35.85,209,7493
2026-01-02 09:52:03,35.85,216,7744
2026-01-02 09:52:04,35.85,201,7206
2026-01-02 09:52:05,35.85,210,7528
2026-01-02 09:52:06,35.85,229,8210
2026-01-02 09:52:07,35.85,192,6883
2026-01-02 09:52:08,35.85,214,7672
2026-01-02 09:52:09,35.85,210,7528
2026-01-02 09:52:10,35.85,210,7528
2026-01-02 09:52:11,35.85,201,7206
2026-01-02 09:52:12,35.85,214,7672
2026-01-02 09:52:13,35.85,219,7851
2026-01-02 09:52:14,35.85,207,7421
2026-01-02 09:52:15,35.85,201,7206
2026-01-02 09:52:16,35.85,201,7206
2026-01-02 09:52:17,35.85,206,7385
2026-01-02 09:52:18,35.85,222,7959
2026-01-02 09:52:19,35.85,214,7672
2026-01-02 09:52:20,35.85,202,7242
2026-01-02 09:52:21,35.85,209,7493
2026-01-02 09:52:22,35.85,226,8102
2026-01-02 09:52:23,35.85,201,7206
2026-01-02 09:52:24,35.85,213,7636
2026-01-02 09:52:25,35.85,206,7385
2026-01-02 09:52:26,35.85,231,8281
2026-01-02 09:52:27,35.85,213,7636
2026-01-02 09:52:28,35.85,211,7564
2026-01-02 09:52:29,35.85,210,7528
2026-01-02 09:52:30,35.85,237,8496
2026-01-02 09:52:31,35.85,199,7134
2026-01-02 09:52:32,35.85,229,8210
2026-01-02 09:52:33,35.85,211,7564
2026-01-02 09:52:34,35.85,223,7995
2026-01-02 09:52:35,35.85,218,7815
2026-01-02 09:52:36,35.85,197,7062
2026-01-02 09:52:37,35.85,219,7851
2026-01-02 09:52:38,35.85,210,7528
2026-01-02 09:52:39,35.85,184,6596
2026-01-02 09:52:40,35.85,184,6596
2026-01-02 09:52:41,35.85,212,7600
2026-01-02 09:52:42,35.85,188,6740
2026-01-02 09:52:43,35.85,190,6812
2026-01-02 09:52:44,35.85,229,8210
2026-01-02 09:52:45,35.85,201,7206
2026-01-02 09:52:46,35.85,226,8102
2026-01-02 09:52:47,35.85,209,7493
2026-01-02 09:52:48,35.85,200,7170
2026-01-02 09:52:49,35.85,218,7815
2026-01-02 09:52:50,35.85,229,8210
2026-01-02 09:52:51,35.85,186,6668
2026-01-02 09:52:52,35.85,178,6381
2026-01-02 09:52:53,35.85,215,7708
2026-01-02 09:52:54,35.85,194,6955
2026-01-02 09:52:55,35.85,212,7600
2026-01-02 09:52:56,35.85,187,6704
2026-01-02 09:52:57,35.85,223,7995
2026-01-02 09:52:58,35.85,209,7493
2026-01-02 09:52:59,35.85,199,7134
2026-01-02 09:53:00,35.85,214,7672
2026-01-02 09:53:01,35.85,227,8138
2026-01-02 09:53:02,35.85,201,7206
2026-01-02 09:53:03,35.85,210,7528
2026-01-02 09:53:04,35.85,210,7528
2026-01-02 09:53:05,35.85,205,7349
2026-01-02 09:53:06,35.85,207,7421
2026-01-02 09:53:07,35.85,215,7708
2026-01-02 09:53:08,35.85,197,7062
2026-01-02 09:53:09,35.85,197,7062
2026-01-02 09:53:10,35.85,202,7242
2026-01-02 09:53:11,35.85,230,8246
2026-01-02 09:53:12,35.85,209,7493
2026-01-02 09:53:13,35.85,196,7027
2026-01-02 09:53:14,35.85,208,7457
2026-01-02 09:53:15,35.85,210,7528
2026-01-02 09:53:16,35.85,201,7206
2026-01-02 09:53:17,35.85,175,6274
2026-01-02 09:53:18,35.85,183,6561
2026-01-02 09:53:19,35.85,207,7421
2026-01-02 09:53:20,35.85,213,7636
2026-01-02 09:53:21,35.85,218,7815
2026-01-02 09:53:22,35.85,229,8210
2026-01-02 09:53:23,35.85,233,8353
2026-01-02 09:53:24,35.85,241,8640
2026-01-02 09:53:25,35.85,227,8138
2026-01-02 09:53:26,35.85,206,7385
2026-01-02 09:53:27,35.85,233,8353
2026-01-02 09:53:28,35.85,174,6238
2026-01-02 09:53:29,35.85,209,7493
2026-01-02 09:53:30,35.85,198,7098
2026-01-02 09:53:31,35.85,229,8210
2026-01-02 09:53:32,35.85,205,7349
2026-01-02 09:53:33,35.85,201,7206
2026-01-02 09:53:34,35.85,198,7098
2026-01-02 09:53:35,35.85,217,7779
2026-01-02 09:53:36,35.85,215,7708
2026-01-02 09:53:37,35.85,192,6883
2026-01-02 09:53:38,35.85,196,7027
2026-01-02 09:53:39,35.85,219,7851
2026-01-02 09:53:40,35.85,177,6345
2026-01-02 09:53:41,35.85,218,7815
2026-01-02 09:53:42,35.85,193,6919
2026-01-02 09:53:43,35.85,224,8030
2026-01-02 09:53:44,35.85,201,7206
2026-01-02 09:53:45,35.85,214,7672
2026-01-02 09:53:46,35.85,211,7564
2026-01-02 09:53:47,35.85,195,6991
2026-01-02 09:53:48,35.85,191,6847
2026-01-02 09:53:49,35.85,174,6238
2026-01-02 09:53:50,35.85,187,6704
2026-01-02 09:53:51,35.85,217,7779
2026-01-02 09:53:52,35.85,190,6812
2026-01-02 09:53:53,35.85,204,7313
2026-01-02 09:53:54,35.85,209,7493
2026-01-02 09:53:55,35.85,209,7493
2026-01-02 09:53:56,35.85,188,6740
2026-01-02 09:53:57,35.85,208,7457
2026-01-02 09:53:58,35.85,204,7313
2026-01-02 09:53:59,35.85,208,7457
2026-01-02 09:54:00,35.85,209,7493
2026-01-02 09:54:01,35.85,206,7385
2026-01-02 09:54:02,35.85,190,6812
2026-01-02 09:54:03,35.85,209,7493
2026-01-02 09:54:04,35.85,195,6991
2026-01-02 09:54:05,35.85,218,7815
2026-01-02 09:54:06,35.85,211,7564
2026-01-02 09:54:07,35.85,205,7349
2026-01-02 09:54:08,35.85,191,6847
2026-01-02 09:54:09,35.85,195,6991
2026-01-02 09:54:10,35.85,224,8030
2026-01-02 09:54:11,35.85,183,6561
2026-01-02 09:54:12,35.85,190,6812
2026-01-02 09:54:13,35.85,204,7313
2026-01-02 09:54:14,35.85,154,5521
2026-01-02 09:54:15,35.85,192,6883
2026-01-02 09:54:16,35.85,200,7170
2026-01-02 09:54:17,35.85,183,6561
2026-01-02 09:54:18,35.85,185,6632
2026-01-02 09:54:19,35.85,198,7098
2026-01-02 09:54:20,35.85,192,6883
2026-01-02 09:54:21,35.85,211,7564
2026-01-02 09:54:22,35.85,207,7421
2026-01-02 09:54:23,35.85,196,7027
2026-01-02 09:54:24,35.85,204,7313
2026-01-02 09:54:25,35.85,195,6991
2026-01-02 09:54:26,35.85,211,7564
2026-01-02 09:54:27,35.85,217,7779
2026-01-02 09:54:28,35.85,183,6561
2026-01-02 09:54:29,35.85,216,7744
2026-01-02 09:54:30,35.85,209,7493
2026-01-02 09:54:31,35.85,186,6668
2026-01-02 09:54:32,35.85,205,7349
2026-01-02 09:54:33,35.85,202,7242
2026-01-02 09:54:34,35.85,195,6991
2026-01-02 09:54:35,35.85,194,6955
2026-01-02 09:54:36,35.85,211,7564
2026-01-02 09:54:37,35.85,203,7278
2026-01-02 09:54:38,35.85,215,7708
2026-01-02 09:54:39,35.85,195,6991
2026-01-02 09:54:40,35.85,186,6668
2026-01-02 09:54:41,35.85,212,7600
2026-01-02 09:54:42,35.85,206,7385
2026-01-02 09:54:43,35.85,212,7600
2026-01-02 09:54:44,35.85,169,6059
2026-01-02 09:54:45,35.85,174,6238
2026-01-02 09:54:46,35.85,197,7062
2026-01-02 09:54:47,35.85,214,7672
2026-01-02 09:54:48,35.85,199,7134
2026-01-02 09:54:49,35.85,206,7385
2026-01-02 09:54:50,35.85,210,7528
2026-01-02 09:54:51,35.85,216,7744
2026-01-02 09:54:52,35.85,201,7206
2026-01-02 09:54:53,35.85,202,7242
2026-01-02 09:54:54,35.85,194,6955
2026-01-02 09:54:55,35.85,225,8066
2026-01-02 09:54:56,35.85,226,8102
2026-01-02 09:54:57,35.85,207,7421
2026-01-02 09:54:58,35.85,212,7600
2026-01-02 09:54:59,35.85,200,7170
2026-01-02 09:55:00,35.85,190,6812
2026-01-02 09:55:01,35.85,183,6561
2026-01-02 09:55:02,35.85,198,7098
2026-01-02 09:55:03,35.85,216,7744
2026-01-02 09:55:04,35.85,211,7564
2026-01-02 09:55:05,35.85,208,7457
2026-01-02 09:55:06,35.85,205,7349
2026-01-02 09:55:07,35.85,197,7062
2026-01-02 09:55:08,35.85,200,7170
2026-01-02 09:55:09,35.85,207,7421
2026-01-02 09:55:10,35.85,202,7242
2026-01-02 09:55:11,35.85,165,5915
2026-01-02 09:55:12,35.85,206,7385
2026-01-02 09:55:13,35.85,204,7313
2026-01-02 09:55:14,35.85,188,6740
2026-01-02 09:55:15,35.85,206,7385
2026-01-02 09:55:16,35.85,169,6059
2026-01-02 09:55:17,35.85,215,7708
2026-01-02 09:55:18,35.85,196,7027
2026-01-02 09:55:19,35.85,184,6596
2026-01-02 09:55:20,35.85,196,7027
2026-01-02 09:55:21,35.85,203,7278
2026-01-02 09:55:22,35.85,202,7242
2026-01-02 09:55:23,35.85,229,8210
2026-01-02 09:55:24,35.85,205,7349
2026-01-02 09:55:25,35.85,201,7206
2026-01-02 09:55:26,35.85,203,7278
2026-01-02 09:55:27,35.85,210,7528
2026-01-02 09:55:28,35.85,195,6991
2026-01-02 09:55:29,35.85,196,7027
2026-01-02 09:55:30,35.85,195,6991
2026-01-02 09:55:31,35.85,196,7027
2026-01-02 09:55:32,35.85,192,6883
2026-01-02 09:55:33,35.85,202,7242
2026-01-02 09:55:34,35.85,218,7815
2026-01-02 09:55:35,35.85,193,6919
2026-01-02 09:55:36,35.85,224,8030
2026-01-02 09:55:37,35.85,209,7493
2026-01-02 09:55:38,35.85,212,7600
2026-01-02 09:55:39,35.85,229,8210
2026-01-02 09:55:40,35.85,209,7493
2026-01-02 09:55:41,35.85,188,6740
2026-01-02 09:55:42,35.85,211,7564
2026-01-02 09:55:43,35.85,173,6202
2026-01-02 09:55:44,35.85,185,6632
2026-01-02 09:55:45,35.85,205,7349
2026-01-02 09:55:46,35.85,217,7779
2026-01-02 09:55:47,35.85,207,7421
2026-01-02 09:55:48,35.85,187,6704
2026-01-02 09:55:49,35.85,197,7062
2026-01-02 09:55:50,35.85,207,7421
2026-01-02 09:55:51,35.85,199,7134
2026-01-02 09:55:52,35.85,164,5879
2026-01-02 09:55:53,35.85,206,7385
2026-01-02 09:55:54,35.85,183,6561
2026-01-02 09:55:55,35.85,210,7528
2026-01-02 09:55:56,35.85,191,6847
2026-01-02 09:55:57,35.85,218,7815
2026-01-02 09:55:58,35.85,189,6776
2026-01-02 09:55:59,35.85,200,7170
2026-01-02 09:56:00,35.85,193,6919
2026-01-02 09:56:01,35.85,193,6919
2026-01-02 09:56:02,35.85,211,7564
2026-01-02 09:56:03,35.85,210,7528
2026-01-02 09:56:04,35.85,214,7672
2026-01-02 09:56:05,35.85,206,7385
2026-01-02 09:56:06,35.85,202,7242
2026-01-02 09:56:07,35.85,198,7098
2026-01-02 09:56:08,35.85,215,7708
2026-01-02 09:56:09,35.85,201,7206
2026-01-02 09:56:10,35.85,216,7744
2026-01-02 09:56:11,35.85,209,7493
2026-01-02 09:56:12,35.85,208,7457
2026-01-02 09:56:13,35.85,197,7062
2026-01-02 09:56:14,35.85,206,7385
2026-01-02 09:56:15,35.85,187,6704
2026-01-02 09:56:16,35.85,207,7421
2026-01-02 09:56:17,35.85,208,7457
2026-01-02 09:56:18,35.85,204,7313
2026-01-02 09:56:19,35.85,195,6991
2026-01-02 09:56:20,35.85,177,6345
2026-01-02 09:56:21,35.85,193,6919
2026-01-02 09:56:22,35.85,204,7313
2026-01-02 09:56:23,35.85,186,6668
2026-01-02 09:56:24,35.85,194,6955
2026-01-02 09:56:25,35.85,200,7170
2026-01-02 09:56:26,35.85,204,7313
2026-01-02 09:56:27,35.85,211,7564
2026-01-02 09:56:28,35.85,209,7493
2026-01-02 09:56:29,35.85,211,7564
2026-01-02 09:56:30,35.85,185,6632
2026-01-02 09:56:31,35.85,196,7027
2026-01-02 09:56:32,35.85,219,7851
2026-01-02 09:56:33,35.85,192,6883
2026-01-02 09:56:34,35.85,209,7493
2026-01-02 09:56:35,35.85,202,7242
2026-01-02 09:56:36,35.85,195,6991
2026-01-02 09:56:37,35.85,209,7493
2026-01-02 09:56:38,35.85,190,6812
2026-01-02 09:56:39,35.85,196,7027
2026-01-02 09:56:40,35.85,207,7421
2026-01-02 09:56:41,35.85,205,7349
2026-01-02 09:56:42,35.85,187,6704
2026-01-02 09:56:43,35.85,222,7959
2026-01-02 09:56:44,35.85,191,6847
2026-01-02 09:56:45,35.85,198,7098
2026-01-02 09:56:46,35.85,197,7062
2026-01-02 09:56:47,35.85,196,7027
2026-01-02 09:56:48,35.85,216,7744
2026-01-02 09:56:49,35.85,206,7385
2026-01-02 09:56:50,35.85,191,6847
2026-01-02 09:56:51,35.85,185,6632
2026-01-02 09:56:52,35.85,219,7851
2026-01-02 09:56:53,35.85,206,7385
2026-01-02 09:56:54,35.85,202,7242
2026-01-02 09:56:55,35.85,184,6596
2026-01-02 09:56:56,35.85,196,7027
2026-01-02 09:56:57,35.85,209,7493
2026-01-02 09:56:58,35.85,191,6847
2026-01-02 09:56:59,35.85,204,7313
2026-01-02 09:57:00,35.85,217,7779
2026-01-02 09:57:01,35.85,198,7098
2026-01-02 09:57:02,35.85,209,7493
2026-01-02 09:57:03,35.85,196,7027
2026-01-02 09:57:04,35.85,205,7349
2026-01-02 09:57:05,35.85,210,7528
2026-01-02 09:57:06,35.85,186,6668
2026-01-02 09:57:07,35.85,197,7062
2026-01-02 09:57:08,35.85,197,7062
2026-01-02 09:57:09,35.85,193,6919
2026-01-02 09:57:10,35.85,204,7313
2026-01-02 09:57:11,35.85,198,7098
2026-01-02 09:57:12,35.85,195,6991
2026-01-02 09:57:13,35.85,199,7134
2026-01-02 09:57:14,35.85,189,6776
2026-01-02 09:57:15,35.85,215,7708
2026-01-02 09:57:16,35.85,191,6847
2026-01-02 09:57:17,35.85,202,7242
2026-01-02 09:57:18,35.85,187,6704
2026-01-02 09:57:19,35.85,212,7600
2026-01-02 09:57:20,35.85,188,6740
2026-01-02 09:57:21,35.85,225,8066
2026-01-02 09:57:22,35.85,201,7206
2026-01-02 09:57:23,35.85,199,7134
2026-01-02 09:57:24,35.85,206,7385
2026-01-02 09:57:25,35.85,205,7349
2026-01-02 09:57:26,35.85,184,6596
2026-01-02 09:57:27,35.85,185,6632
2026-01-02 09:57:28,35.85,202,7242
2026-01-02 09:57:29,35.85,196,7027
2026-01-02 09:57:30,35.85,227,8138
2026-01-02 09:57:31,35.85,206,7385
2026-01-02 09:57:32,35.85,183,6561
2026-01-02 09:57:33,35.85,202,7242
2026-01-02 09:57:34,35.85,189,6776
2026-01-02 09:57:35,35.85,201,7206
2026-01-02 09:57:36,35.85,218,7815
2026-01-02 09:57:37,35.85,200,7170
2026-01-02 09:57:38,35.85,199,7134
2026-01-02 09:57:39,35.85,232,8317
2026-01-02 09:57:40,35.85,208,7457
2026-01-02 09:57:41,35.85,218,7815
2026-01-02 09:57:42,35.85,204,7313
2026-01-02 09:57:43,35.85,183,6561
2026-01-02 09:57:44,35.85,193,6919
2026-01-02 09:57:45,35.85,203,7278
2026-01-02 09:57:46,35.85,214,7672
2026-01-02 09:57:47,35.85,198,7098
2026-01-02 09:57:48,35.85,191,6847
2026-01-02 09:57:49,35.85,216,7744
2026-01-02 09:57:50,35.85,202,7242
2026-01-02 09:57:51,35.85,199,7134
2026-01-02 09:57:52,35.85,201,7206
2026-01-02 09:57:53,35.85,199,7134
2026-01-02 09:57:54,35.85,189,6776
2026-01-02 09:57:55,35.85,196,7027
2026-01-02 09:57:56,35.85,200,7170
2026-01-02 09:57:57,35.85,200,7170
2026-01-02 09:57:58,35.85,218,7815
2026-01-02 09:57:59,35.85,184,6596
2026-01-02 09:58:00,35.85,204,7313
2026-01-02 09:58:01,35.85,167,5987
2026-01-02 09:58:02,35.85,203,7278
2026-01-02 09:58:03,35.85,202,7242
2026-01-02 09:58:04,35.85,191,6847
2026-01-02 09:58:05,35.85,188,6740
2026-01-02 09:58:06,35.85,208,7457
2026-01-02 09:58:07,35.85,166,5951
2026-01-02 09:58:08,35.85,204,7313
2026-01-02 09:58:09,35.85,199,7134
2026-01-02 09:58:10,35.85,180,6453
2026-01-02 09:58:11,35.85,195,6991
2026-01-02 09:58:12,35.85,213,7636
2026-01-02 09:58:13,35.85,236,8461
2026-01-02 09:58:14,35.85,228,8174
2026-01-02 09:58:15,35.85,192,6883
2026-01-02 09:58:16,35.85,211,7564
2026-01-02 09:58:17,35.85,183,6561
2026-01-02 09:58:18,35.85,203,7278
2026-01-02 09:58:19,35.85,188,6740
2026-01-02 09:58:20,35.85,191,6847
2026-01-02 09:58:21,35.85,203,7278
2026-01-02 09:58:22,35.85,201,7206
2026-01-02 09:58:23,35.85,207,7421
2026-01-02 09:58:24,35.85,192,6883
2026-01-02 09:58:25,35.85,195,6991
2026-01-02 09:58:26,35.85,194,6955
2026-01-02 09:58:27,35.85,206,7385
2026-01-02 09:58:28,35.85,173,6202
2026-01-02 09:58:29,35.85,182,6525
2026-01-02 09:58:30,35.85,180,6453
2026-01-02 09:58:31,35.85,201,7206
2026-01-02 09:58:32,35.85,209,7493
2026-01-02 09:58:33,35.85,194,6955
2026-01-02 09:58:34,35.85,191,6847
2026-01-02 09:58:35,35.85,203,7278
2026-01-02 09:58:36,35.85,228,8174
2026-01-02 09:58:37,35.85,191,6847
2026-01-02 09:58:38,35.85,201,7206
2026-01-02 09:58:39,35.85,190,6812
2026-01-02 09:58:40,35.85,180,6453
2026-01-02 09:58:41,35.85,191,6847
2026-01-02 09:58:42,35.85,216,7744
2026-01-02 09:58:43,35.85,174,6238
2026-01-02 09:58:44,35.85,183,6561
2026-01-02 09:58:45,35.85,212,7600
2026-01-02 09:58:46,35.85,195,6991
2026-01-02 09:58:47,35.85,194,6955
2026-01-02 09:58:48,35.85,188,6740
2026-01-02 09:58:49,35.85,205,7349
2026-01-02 09:58:50,35.85,196,7027
2026-01-02 09:58:51,35.85,195,6991
2026-01-02 09:58:52,35.85,169,6059
2026-01-02 09:58:53,35.85,191,6847
2026-01-02 09:58:54,35.85,192,6883
2026-01-02 09:58:55,35.85,186,6668
2026-01-02 09:58:56,35.85,181,6489
2026-01-02 09:58:57,35.85,185,6632
2026-01-02 09:58:58,35.85,197,7062
2026-01-02 09:58:59,35.85,177,6345
2026-01-02 09:59:00,35.85,180,6453
2026-01-02 09:59:01,35.85,180,6453
2026-01-02 09:59:02,35.85,179,6417
2026-01-02 09:59:03,35.85,200,7170
2026-01-02 09:59:04,35.85,177,6345
2026-01-02 09:59:05,35.85,202,7242
2026-01-02 09:59:06,35.85,167,5987
2026-01-02 09:59:07,35.85,187,6704
2026-01-02 09:59:08,35.85,195,6991
2026-01-02 09:59:09,35.85,191,6847
2026-01-02 09:59:10,35.85,202,7242
2026-01-02 09:59:11,35.85,207,7421
2026-01-02 09:59:12,35.85,206,7385
2026-01-02 09:59:13,35.85,183,6561
2026-01-02 09:59:14,35.85,197,7062
2026-01-02 09:59:15,35.85,202,7242
2026-01-02 09:59:16,35.85,199,7134
2026-01-02 09:59:17,35.85,188,6740
2026-01-02 09:59:18,35.85,189,6776
2026-01-02 09:59:19,35.85,203,7278
2026-01-02 09:59:20,35.85,207,7421
2026-01-02 09:59:21,35.85,174,6238
2026-01-02 09:59:22,35.85,189,6776
2026-01-02 09:59:23,35.85,200,7170
2026-01-02 09:59:24,35.85,178,6381
2026-01-02 09:59:25,35.85,163,5844
2026-01-02 09:59:26,35.85,185,6632
2026-01-02 09:59:27,35.85,179,6417
2026-01-02 09:59:28,35.85,201,7206
2026-01-02 09:59:29,35.85,197,7062
2026-01-02 09:59:30,35.85,199,7134
2026-01-02 09:59:31,35.85,217,7779
2026-01-02 09:59:32,35.85,188,6740
2026-01-02 09:59:33,35.85,199,7134
2026-01-02 09:59:34,35.85,216,7744
2026-01-02 09:59:35,35.85,206,7385
2026-01-02 09:59:36,35.85,166,5951
2026-01-02 09:59:37,35.85,203,7278
2026-01-02 09:59:38,35.85,220,7887
2026-01-02 09:59:39,35.85,169,6059
2026-01-02 09:59:40,35.85,183,6561
2026-01-02 09:59:41,35.85,188,6740
2026-01-02 09:59:42,35.85,196,7027
2026-01-02 09:59:43,35.85,191,6847
2026-01-02 09:59:44,35.85,230,8246
2026-01-02 09:59:45,35.85,204,7313
2026-01-02 09:59:46,35.85,191,6847
2026-01-02 09:59:47,35.85,201,7206
2026-01-02 09:59:48,35.85,191,6847
2026-01-02 09:59:49,35.85,203,7278
2026-01-02 09:59:50,35.85,187,6704
2026-01-02 09:59:51,35.85,232,8317
2026-01-02 09:59:52,35.85,174,6238
2026-01-02 09:59:53,35.85,185,6632
2026-01-02 09:59:54,35.85,186,6668
2026-01-02 09:59:55,35.85,199,7134
2026-01-02 09:59:56,35.85,176,6310
2026-01-02 09:59:57,35.85,215,7708
2026-01-02 09:59:58,35.85,197,7062
2026-01-02 09:59:59,35.85,221,7923
2026-01-02 10:00:00,35.85,190,6812
2026-01-02 10:00:01,35.85,206,7385
2026-01-02 10:00:02,35.85,196,7027
2026-01-02 10:00:03,35.85,207,7421
2026-01-02 10:00:04,35.85,187,6704
2026-01-02 10:00:05,35.85,195,6991
2026-01-02 10:00:06,35.85,180,6453
2026-01-02 10:00:07,35.85,188,6740
2026-01-02 10:00:08,35.85,207,7421
2026-01-02 10:00:09,35.85,206,7385
2026-01-02 10:00:10,35.85,183,6561
2026-01-02 10:00:11,35.85,190,6812
2026-01-02 10:00:12,35.85,225,8066
2026-01-02 10:00:13,35.85,202,7242
2026-01-02 10:00:14,35.85,187,6704
2026-01-02 10:00:15,35.85,194,6955
2026-01-02 10:00:16,35.85,185,6632
2026-01-02 10:00:17,35.85,152,5449
2026-01-02 10:00:18,35.85,204,7313
2026-01-02 10:00:19,35.85,199,7134
2026-01-02 10:00:20,35.85,180,6453
2026-01-02 10:00:21,35.85,168,6023
2026-01-02 10:00:22,35.85,180,6453
2026-01-02 10:00:23,35.85,201,7206
2026-01-02 10:00:24,35.85,212,7600
2026-01-02 10:00:25,35.85,190,6812
2026-01-02 10:00:26,35.85,181,6489
2026-01-02 10:00:27,35.85,165,5915
2026-01-02 10:00:28,35.85,202,7242
2026-01-02 10:00:29,35.85,194,6955
2026-01-02 10:00:30,35.85,222,7959
2026-01-02 10:00:31,35.85,213,7636
2026-01-02 10:00:32,35.85,173,6202
2026-01-02 10:00:33,35.85,209,7493
2026-01-02 10:00:34,35.85,177,6345
2026-01-02 10:00:35,35.85,197,7062
2026-01-02 10:00:36,35.85,201,7206
2026-01-02 10:00:37,35.85,190,6812
2026-01-02 10:00:38,35.85,197,7062
2026-01-02 10:00:39,35.85,168,6023
2026-01-02 10:00:40,35.85,164,5879
2026-01-02 10:00:41,35.85,181,6489
2026-01-02 10:00:42,35.85,178,6381
2026-01-02 10:00:43,35.85,193,6919
2026-01-02 10:00:44,35.85,195,6991
2026-01-02 10:00:45,35.85,184,6596
2026-01-02 10:00:46,35.85,160,5736
2026-01-02 10:00:47,35.85,188,6740
2026-01-02 10:00:48,35.85,182,6525
2026-01-02 10:00:49,35.85,193,6919
2026-01-02 10:00:50,35.85,165,5915
2026-01-02 10:00:51,35.85,183,6561
2026-01-02 10:00:52,35.85,205,7349
2026-01-02 10:00:53,35.85,183,6561
2026-01-02 10:00:54,35.85,185,6632
2026-01-02 10:00:55,35.85,168,6023
2026-01-02 10:00:56,35.85,193,6919
2026-01-02 10:00:57,35.85,208,7457
2026-01-02 10:00:58,35.85,189,6776
2026-01-02 10:00:59,35.85,190,6812
2026-01-02 10:01:00,35.85,182,6525
2026-01-02 10:01:01,35.85,189,6776
2026-01-02 10:01:02,35.85,207,7421
2026-01-02 10:01:03,35.85,178,6381
2026-01-02 10:01:04,35.85,167,5987
2026-01-02 10:01:05,35.85,186,6668
2026-01-02 10:01:06,35.85,179,6417
2026-01-02 10:01:07,35.85,221,7923
2026-01-02 10:01:08,35.85,185,6632
2026-01-02 10:01:09,35.85,197,7062
2026-01-02 10:01:10,35.85,194,6955
2026-01-02 10:01:11,35.85,183,6561
2026-01-02 10:01:12,35.85,195,6991
2026-01-02 10:01:13,35.85,192,6883
2026-01-02 10:01:14,35.85,194,6955
2026-01-02 10:01:15,35.85,207,7421
2026-01-02 10:01:16,35.85,182,6525
2026-01-02 10:01:17,35.85,208,7457
2026-01-02 10:01:18,35.85,158,5664
2026-01-02 10:01:19,35.85,198,7098
2026-01-02 10:01:20,35.85,181,6489
2026-01-02 10:01:21,35.85,190,6812
2026-01-02 10:01:22,35.85,191,6847
2026-01-02 10:01:23,35.85,172,6166
2026-01-02 10:01:24,35.85,187,6704
2026-01-02 10:01:25,35.85,192,6883
2026-01-02 10:01:26,35.85,201,7206
2026-01-02 10:01:27,35.85,191,6847
2026-01-02 10:01:28,35.85,198,7098
2026-01-02 10:01:29,35.85,185,6632
2026-01-02 10:01:30,35.85,198,7098
2026-01-02 10:01:31,35.85,210,7528
2026-01-02 10:01:32,35.85,182,6525
2026-01-02 10:01:33,35.85,186,6668
2026-01-02 10:01:34,35.85,186,6668
2026-01-02 10:01:35,35.85,189,6776
2026-01-02 10:01:36,35.85,194,6955
2026-01-02 10:01:37,35.85,204,7313
2026-01-02 10:01:38,35.85,189,6776
2026-01-02 10:01:39,35.85,184,6596
2026-01-02 10:01:40,35.85,180,6453
2026-01-02 10:01:41,35.85,182,6525
2026-01-02 10:01:42,35.85,169,6059
2026-01-02 10:01:43,35.85,196,7027
2026-01-02 10:01:44,35.85,192,6883
2026-01-02 10:01:45,35.85,197,7062
2026-01-02 10:01:46,35.85,174,6238
2026-01-02 10:01:47,35.85,189,6776
2026-01-02 10:01:48,35.85,211,7564
2026-01-02 10:01:49,35.85,211,7564
2026-01-02 10:01:50,35.85,220,7887
2026-01-02 10:01:51,35.85,190,6812
2026-01-02 10:01:52,35.85,198,7098
2026-01-02 10:01:53,35.85,187,6704
2026-01-02 10:01:54,35.85,201,7206
2026-01-02 10:01:55,35.85,181,6489
2026-01-02 10:01:56,35.85,210,7528
2026-01-02 10:01:57,35.85,191,6847
2026-01-02 10:01:58,35.85,178,6381
2026-01-02 10:01:59,35.85,187,6704
2026-01-02 10:02:00,35.85,192,6883
2026-01-02 10:02:01,35.85,200,7170
2026-01-02 10:02:02,35.85,166,5951
2026-01-02 10:02:03,35.85,203,7278
2026-01-02 10:02:04,35.85,192,6883
2026-01-02 10:02:05,35.85,200,7170
2026-01-02 10:02:06,35.85,173,6202
2026-01-02 10:02:07,35.85,189,6776
2026-01-02 10:02:08,35.85,170,6094
2026-01-02 10:02:09,35.85,185,6632
2026-01-02 10:02:10,35.85,186,6668
2026-01-02 10:02:11,35.85,174,6238
2026-01-02 10:02:12,35.85,202,7242
2026-01-02 10:02:13,35.85,189,6776
2026-01-02 10:02:14,35.85,202,7242
2026-01-02 10:02:15,35.85,187,6704
2026-01-02 10:02:16,35.85,194,6955
2026-01-02 10:02:17,35.85,217,7779
2026-01-02 10:02:18,35.85,198,7098
2026-01-02 10:02:19,35.85,170,6094
2026-01-02 10:02:20,35.85,215,7708
2026-01-02 10:02:21,35.85,168,6023
2026-01-02 10:02:22,35.85,187,6704
2026-01-02 10:02:23,35.85,183,6561
2026-01-02 10:02:24,35.85,196,7027
2026-01-02 10:02:25,35.85,186,6668
2026-01-02 10:02:26,35.85,200,7170
2026-01-02 10:02:27,35.85,194,6955
2026-01-02 10:02:28,35.85,211,7564
2026-01-02 10:02:29,35.85,194,6955
2026-01-02 10:02:30,35.85,199,7134
2026-01-02 10:02:31,35.85,175,6274
2026-01-02 10:02:32,35.85,192,6883
2026-01-02 10:02:33,35.85,171,6130
2026-01-02 10:02:34,35.85,190,6812
2026-01-02 10:02:35,35.85,189,6776
2026-01-02 10:02:36,35.85,204,7313
2026-01-02 10:02:37,35.85,176,6310
2026-01-02 10:02:38,35.85,184,6596
2026-01-02 10:02:39,35.85,192,6883
2026-01-02 10:02:40,35.85,194,6955
2026-01-02 10:02:41,35.85,184,6596
2026-01-02 10:02:42,35.85,171,6130
2026-01-02 10:02:43,35.85,189,6776
2026-01-02 10:02:44,35.85,188,6740
2026-01-02 10:02:45,35.85,188,6740
2026-01-02 10:02:46,35.85,203,7278
2026-01-02 10:02:47,35.85,154,5521
2026-01-02 10:02:48,35.85,208,7457
2026-01-02 10:02:49,35.85,175,6274
2026-01-02 10:02:50,35.85,194,6955
2026-01-02 10:02:51,35.85,180,6453
2026-01-02 10:02:52,35.85,192,6883
2026-01-02 10:02:53,35.85,169,6059
2026-01-02 10:02:54,35.85,182,6525
2026-01-02 10:02:55,35.85,186,6668
2026-01-02 10:02:56,35.85,192,6883
2026-01-02 10:02:57,35.85,173,6202
2026-01-02 10:02:58,35.85,213,7636
2026-01-02 10:02:59,35.85,204,7313
2026-01-02 10:03:00,35.85,188,6740
2026-01-02 10:03:01,35.85,178,6381
2026-01-02 10:03:02,35.85,223,7995
2026-01-02 10:03:03,35.85,194,6955
2026-01-02 10:03:04,35.85,165,5915
2026-01-02 10:03:05,35.85,205,7349
2026-01-02 10:03:06,35.85,182,6525
2026-01-02 10:03:07,35.85,189,6776
2026-01-02 10:03:08,35.85,200,7170
2026-01-02 10:03:09,35.85,179,6417
2026-01-02 10:03:10,35.85,178,6381
2026-01-02 10:03:11,35.85,203,7278
2026-01-02 10:03:12,35.85,172,6166
2026-01-02 10:03:13,35.85,189,6776
2026-01-02 10:03:14,35.85,169,6059
2026-01-02 10:03:15,35.85,208,7457
2026-01-02 10:03:16,35.85,193,6919
2026-01-02 10:03:17,35.85,170,6094
2026-01-02 10:03:18,35.85,196,7027
2026-01-02 10:03:19,35.85,185,6632
2026-01-02 10:03:20,35.85,193,6919
2026-01-02 10:03:21,35.85,218,7815
2026-01-02 10:03:22,35.85,202,7242
2026-01-02 10:03:23,35.85,165,5915
2026-01-02 10:03:24,35.85,180,6453
2026-01-02 10:03:25,35.85,197,7062
2026-01-02 10:03:26,35.85,187,6704
2026-01-02 10:03:27,35.85,191,6847
2026-01-02 10:03:28,35.85,174,6238
2026-01-02 10:03:29,35.85,191,6847
2026-01-02 10:03:30,35.85,201,7206
2026-01-02 10:03:31,35.85,184,6596
2026-01-02 10:03:32,35.85,181,6489
2026-01-02 10:03:33,35.85,172,6166
2026-01-02 10:03:34,35.85,198,7098
2026-01-02 10:03:35,35.85,168,6023
2026-01-02 10:03:36,35.85,213,7636
2026-01-02 10:03:37,35.85,175,6274
2026-01-02 10:03:38,35.85,188,6740
2026-01-02 10:03:39,35.85,188,6740
2026-01-02 10:03:40,35.85,209,7493
2026-01-02 10:03:41,35.85,211,7564
2026-01-02 10:03:42,35.85,215,7708
2026-01-02 10:03:43,35.85,200,7170
2026-01-02 10:03:44,35.85,209,7493
2026-01-02 10:03:45,35.85,212,7600
2026-01-02 10:03:46,35.85,177,6345
2026-01-02 10:03:47,35.85,183,6561
2026-01-02 10:03:48,35.85,185,6632
2026-01-02 10:03:49,35.85,200,7170
2026-01-02 10:03:50,35.85,176,6310
2026-01-02 10:03:51,35.85,162,5808
2026-01-02 10:03:52,35.85,196,7027
2026-01-02 10:03:53,35.85,192,6883
2026-01-02 10:03:54,35.85,184,6596
2026-01-02 10:03:55,35.85,195,6991
2026-01-02 10:03:56,35.85,212,7600
2026-01-02 10:03:57,35.85,201,7206
2026-01-02 10:03:58,35.85,201,7206
2026-01-02 10:03:59,35.85,186,6668
2026-01-02 10:04:00,35.85,184,6596
2026-01-02 10:04:01,35.85,201,7206
2026-01-02 10:04:02,35.85,198,7098
2026-01-02 10:04:03,35.85,186,6668
2026-01-02 10:04:04,35.85,187,6704
2026-01-02 10:04:05,35.85,190,6812
2026-01-02 10:04:06,35.85,216,7744
2026-01-02 10:04:07,35.85,173,6202
2026-01-02 10:04:08,35.85,176,6310
2026-01-02 10:04:09,35.85,188,6740
2026-01-02 10:04:10,35.85,163,5844
2026-01-02 10:04:11,35.85,188,6740
2026-01-02 10:04:12,35.85,183,6561
2026-01-02 10:04:13,35.85,186,6668
2026-01-02 10:04:14,35.85,188,6740
2026-01-02 10:04:15,35.85,185,6632
2026-01-02 10:04:16,35.85,181,6489
2026-01-02 10:04:17,35.85,183,6561
2026-01-02 10:04:18,35.85,218,7815
2026-01-02 10:04:19,35.85,196,7027
2026-01-02 10:04:20,35.85,198,7098
2026-01-02 10:04:21,35.85,174,6238
2026-01-02 10:04:22,35.85,194,6955
2026-01-02 10:04:23,35.85,190,6812
2026-01-02 10:04:24,35.85,195,6991
2026-01-02 10:04:25,35.85,183,6561
2026-01-02 10:04:26,35.85,165,5915
2026-01-02 10:04:27,35.85,210,7528
2026-01-02 10:04:28,35.85,176,6310
2026-01-02 10:04:29,35.85,185,6632
2026-01-02 10:04:30,35.85,173,6202
2026-01-02 10:04:31,35.85,186,6668
2026-01-02 10:04:32,35.85,197,7062
2026-01-02 10:04:33,35.85,207,7421
2026-01-02 10:04:34,35.85,144,5162
2026-01-02 10:04:35,35.85,195,6991
2026-01-02 10:04:36,35.85,192,6883
2026-01-02 10:04:37,35.85,180,6453
2026-01-02 10:04:38,35.85,190,6812
2026-01-02 10:04:39,35.85,186,6668
2026-01-02 10:04:40,35.85,195,6991
2026-01-02 10:04:41,35.85,190,6812
2026-01-02 10:04:42,35.85,208,7457
2026-01-02 10:04:43,35.85,196,7027
2026-01-02 10:04:44,35.85,202,7242
2026-01-02 10:04:45,35.85,168,6023
2026-01-02 10:04:46,35.85,225,8066
2026-01-02 10:04:47,35.85,195,6991
2026-01-02 10:04:48,35.85,180,6453
2026-01-02 10:04:49,35.85,188,6740
2026-01-02 10:04:50,35.85,157,5628
2026-01-02 10:04:51,35.85,185,6632
2026-01-02 10:04:52,35.85,195,6991
2026-01-02 10:04:53,35.85,181,6489
2026-01-02 10:04:54,35.85,189,6776
2026-01-02 10:04:55,35.85,181,6489
2026-01-02 10:04:56,35.85,185,6632
2026-01-02 10:04:57,35.85,169,6059
2026-01-02 10:04:58,35.85,171,6130
2026-01-02 10:04:59,35.85,183,6561
2026-01-02 10:05:00,35.85,189,6776
2026-01-02 10:05:01,35.85,191,6847
2026-01-02 10:05:02,35.85,197,7062
2026-01-02 10:05:03,35.85,191,6847
2026-01-02 10:05:04,35.85,187,6704
2026-01-02 10:05:05,35.85,202,7242
2026-01-02 10:05:06,35.85,183,6561
2026-01-02 10:05:07,35.85,167,5987
2026-01-02 10:05:08,35.85,207,7421
2026-01-02 10:05:09,35.85,176,6310
2026-01-02 10:05:10,35.85,160,5736
2026-01-02 10:05:11,35.85,192,6883
2026-01-02 10:05:12,35.85,180,6453
2026-01-02 10:05:13,35.85,189,6776
2026-01-02 10:05:14,35.85,178,6381
2026-01-02 10:05:15,35.85,160,5736
2026-01-02 10:05:16,35.85,197,7062
2026-01-02 10:05:17,35.85,190,6812
2026-01-02 10:05:18,35.85,177,6345
2026-01-02 10:05:19,35.85,198,7098
2026-01-02 10:05:20,35.85,187,6704
2026-01-02 10:05:21,35.85,181,6489
2026-01-02 10:05:22,35.85,172,6166
2026-01-02 10:05:23,35.85,179,6417
2026-01-02 10:05:24,35.85,181,6489
2026-01-02 10:05:25,35.85,181,6489
2026-01-02 10:05:26,35.85,163,5844
2026-01-02 10:05:27,35.85,166,5951
2026-01-02 10:05:28,35.85,178,6381
2026-01-02 10:05:29,35.85,156,5593
2026-01-02 10:05:30,35.85,175,6274
2026-01-02 10:05:31,35.85,189,6776
2026-01-02 10:05:32,35.85,208,7457
2026-01-02 10:05:33,35.85,198,7098
2026-01-02 10:05:34,35.85,189,6776
2026-01-02 10:05:35,35.85,168,6023
2026-01-02 10:05:36,35.85,180,6453
2026-01-02 10:05:37,35.85,160,5736
2026-01-02 10:05:38,35.85,202,7242
2026-01-02 10:05:39,35.85,203,7278
2026-01-02 10:05:40,35.85,175,6274
2026-01-02 10:05:41,35.85,195,6991
2026-01-02 10:05:42,35.85,189,6776
2026-01-02 10:05:43,35.85,189,6776
2026-01-02 10:05:44,35.85,180,6453
2026-01-02 10:05:45,35.85,191,6847
2026-01-02 10:05:46,35.85,173,6202
2026-01-02 10:05:47,35.85,167,5987
2026-01-02 10:05:48,35.85,178,6381
2026-01-02 10:05:49,35.85,204,7313
2026-01-02 10:05:50,35.85,157,5628
2026-01-02 10:05:51,35.85,196,7027
2026-01-02 10:05:52,35.85,202,7242
2026-01-02 10:05:53,35.85,175,6274
2026-01-02 10:05:54,35.85,197,7062
2026-01-02 10:05:55,35.85,181,6489
2026-01-02 10:05:56,35.85,185,6632
2026-01-02 10:05:57,35.85,198,7098
2026-01-02 10:05:58,35.85,187,6704
2026-01-02 10:05:59,35.85,192,6883
2026-01-02 10:06:00,35.85,177,6345
2026-01-02 10:06:01,35.85,185,6632
2026-01-02 10:06:02,35.85,160,5736
2026-01-02 10:06:03,35.85,166,5951
2026-01-02 10:06:04,35.85,187,6704
2026-01-02 10:06:05,35.85,176,6310
2026-01-02 10:06:06,35.85,176,6310
2026-01-02 10:06:07,35.85,184,6596
2026-01-02 10:06:08,35.85,178,6381
2026-01-02 10:06:09,35.85,160,5736
2026-01-02 10:06:10,35.85,202,7242
2026-01-02 10:06:11,35.85,179,6417
2026-01-02 10:06:12,35.85,197,7062
2026-01-02 10:06:13,35.85,200,7170
2026-01-02 10:06:14,35.85,192,6883
2026-01-02 10:06:15,35.85,182,6525
2026-01-02 10:06:16,35.85,165,5915
2026-01-02 10:06:17,35.85,204,7313
2026-01-02 10:06:18,35.85,150,5378
2026-01-02 10:06:19,35.85,189,6776
2026-01-02 10:06:20,35.85,183,6561
2026-01-02 10:06:21,35.85,172,6166
2026-01-02 10:06:22,35.85,190,6812
2026-01-02 10:06:23,35.85,195,6991
2026-01-02 10:06:24,35.85,197,7062
2026-01-02 10:06:25,35.85,159,5700
2026-01-02 10:06:26,35.85,220,7887
2026-01-02 10:06:27,35.85,197,7062
2026-01-02 10:06:28,35.85,192,6883
2026-01-02 10:06:29,35.85,158,5664
2026-01-02 10:06:30,35.85,172,6166
2026-01-02 10:06:31,35.85,184,6596
2026-01-02 10:06:32,35.85,179,6417
2026-01-02 10:06:33,35.85,176,6310
2026-01-02 10:06:34,35.85,200,7170
2026-01-02 10:06:35,35.85,205,7349
2026-01-02 10:06:36,35.85,181,6489
2026-01-02 10:06:37,35.85,184,6596
2026-01-02 10:06:38,35.85,172,6166
2026-01-02 10:06:39,35.85,190,6812
2026-01-02 10:06:40,35.85,185,6632
2026-01-02 10:06:41,35.85,194,6955
2026-01-02 10:06:42,35.85,163,5844
2026-01-02 10:06:43,35.85,192,6883
2026-01-02 10:06:44,35.85,197,7062
2026-01-02 10:06:45,35.85,175,6274
2026-01-02 10:06:46,35.85,166,5951
2026-01-02 10:06:47,35.85,177,6345
2026-01-02 10:06:48,35.85,156,5593
2026-01-02 10:06:49,35.85,158,5664
2026-01-02 10:06:50,35.85,199,7134
2026-01-02 10:06:51,35.85,176,6310
2026-01-02 10:06:52,35.85,198,7098
2026-01-02 10:06:53,35.85,186,6668
2026-01-02 10:06:54,35.85,167,5987
2026-01-02 10:06:55,35.85,179,6417
2026-01-02 10:06:56,35.85,172,6166
2026-01-02 10:06:57,35.85,173,6202
2026-01-02 10:06:58,35.85,190,6812
2026-01-02 10:06:59,35.85,209,7493
2026-01-02 10:07:00,35.85,171,6130
2026-01-02 10:07:01,35.85,181,6489
2026-01-02 10:07:02,35.85,197,7062
2026-01-02 10:07:03,35.85,177,6345
2026-01-02 10:07:04,35.85,183,6561
2026-01-02 10:07:05,35.85,182,6525
2026-01-02 10:07:06,35.85,188,6740
2026-01-02 10:07:07,35.85,149,5342
2026-01-02 10:07:08,35.85,160,5736
2026-01-02 10:07:09,35.85,175,6274
2026-01-02 10:07:10,35.85,183,6561
2026-01-02 10:07:11,35.85,182,6525
2026-01-02 10:07:12,35.85,192,6883
2026-01-02 10:07:13,35.85,167,5987
2026-01-02 10:07:14,35.85,195,6991
2026-01-02 10:07:15,35.85,187,6704
2026-01-02 10:07:16,35.85,169,6059
2026-01-02 10:07:17,35.85,159,5700
2026-01-02 10:07:18,35.85,186,6668
2026-01-02 10:07:19,35.85,186,6668
2026-01-02 10:07:20,35.85,178,6381
2026-01-02 10:07:21,35.85,156,5593
2026-01-02 10:07:22,35.85,165,5915
2026-01-02 10:07:23,35.85,191,6847
2026-01-02 10:07:24,35.85,181,6489
2026-01-02 10:07:25,35.85,133,4768
2026-01-02 10:07:26,35.85,185,6632
2026-01-02 10:07:27,35.85,178,6381
2026-01-02 10:07:28,35.85,160,5736
2026-01-02 10:07:29,35.85,188,6740
2026-01-02 10:07:30,35.85,182,6525
2026-01-02 10:07:31,35.85,195,6991
2026-01-02 10:07:32,35.85,168,6023
2026-01-02 10:07:33,35.85,165,5915
2026-01-02 10:07:34,35.85,173,6202
2026-01-02 10:07:35,35.85,186,6668
2026-01-02 10:07:36,35.85,178,6381
2026-01-02 10:07:37,35.85,195,6991
2026-01-02 10:07:38,35.85,184,6596
2026-01-02 10:07:39,35.85,181,6489
2026-01-02 10:07:40,35.85,184,6596
2026-01-02 10:07:41,35.85,191,6847
2026-01-02 10:07:42,35.85,192,6883
2026-01-02 10:07:43,35.85,164,5879
2026-01-02 10:07:44,35.85,169,6059
2026-01-02 10:07:45,35.85,184,6596
2026-01-02 10:07:46,35.85,176,6310
2026-01-02 10:07:47,35.85,190,6812
2026-01-02 10:07:48,35.85,164,5879
2026-01-02 10:07:49,35.85,183,6561
2026-01-02 10:07:50,35.85,190,6812
2026-01-02 10:07:51,35.85,178,6381
2026-01-02 10:07:52,35.85,176,6310
2026-01-02 10:07:53,35.85,169,6059
2026-01-02 10:07:54,35.85,179,6417
2026-01-02 10:07:55,35.85,196,7027
2026-01-02 10:07:56,35.85,176,6310
2026-01-02 10:07:57,35.85,197,7062
2026-01-02 10:07:58,35.85,160,5736
2026-01-02 10:07:59,35.85,188,6740
2026-01-02 10:08:00,35.85,191,6847
2026-01-02 10:08:01,35.85,173,6202
2026-01-02 10:08:02,35.85,182,6525
2026-01-02 10:08:03,35.85,185,6632
2026-01-02 10:08:04,35.85,199,7134
2026-01-02 10:08:05,35.85,212,7600
2026-01-02 10:08:06,35.85,184,6596
2026-01-02 10:08:07,35.85,178,6381
2026-01-02 10:08:08,35.85,171,6130
2026-01-02 10:08:09,35.85,188,6740
2026-01-02 10:08:10,35.85,159,5700
2026-01-02 10:08:11,35.85,177,6345
2026-01-02 10:08:12,35.85,183,6561
2026-01-02 10:08:13,35.85,204,7313
2026-01-02 10:08:14,35.85,179,6417
2026-01-02 10:08:15,35.85,143,5127
2026-01-02 10:08:16,35.85,174,6238
2026-01-02 10:08:17,35.85,184,6596
2026-01-02 10:08:18,35.85,177,6345
2026-01-02 10:08:19,35.85,165,5915
2026-01-02 10:08:20,35.85,172,6166
2026-01-02 10:08:21,35.85,160,5736
2026-01-02 10:08:22,35.85,199,7134
2026-01-02 10:08:23,35.85,184,6596
2026-01-02 10:08:24,35.85,161,5772
2026-01-02 10:08:25,35.85,175,6274
2026-01-02 10:08:26,35.85,184,6596
2026-01-02 10:08:27,35.85,201,7206
2026-01-02 10:08:28,35.85,179,6417
2026-01-02 10:08:29,35.85,179,6417
2026-01-02 10:08:30,35.85,159,5700
2026-01-02 10:08:31,35.85,181,6489
2026-01-02 10:08:32,35.85,166,5951
2026-01-02 10:08:33,35.85,217,7779
2026-01-02 10:08:34,35.85,175,6274
2026-01-02 10:08:35,35.85,169,6059
2026-01-02 10:08:36,35.85,166,5951
2026-01-02 10:08:37,35.85,159,5700
2026-01-02 10:08:38,35.85,187,6704
2026-01-02 10:08:39,35.85,178,6381
2026-01-02 10:08:40,35.85,165,5915
2026-01-02 10:08:41,35.85,165,5915
2026-01-02 10:08:42,35.85,182,6525
2026-01-02 10:08:43,35.85,178,6381
2026-01-02 10:08:44,35.85,164,5879
2026-01-02 10:08:45,35.85,179,6417
2026-01-02 10:08:46,35.85,174,6238
2026-01-02 10:08:47,35.85,196,7027
2026-01-02 10:08:48,35.85,169,6059
2026-01-02 10:08:49,35.85,158,5664
2026-01-02 10:08:50,35.85,191,6847
2026-01-02 10:08:51,35.85,183,6561
2026-01-02 10:08:52,35.85,191,6847
2026-01-02 10:08:53,35.85,184,6596
2026-01-02 10:08:54,35.85,182,6525
2026-01-02 10:08:55,35.85,160,5736
2026-01-02 10:08:56,35.85,182,6525
2026-01-02 10:08:57,35.85,181,6489
2026-01-02 10:08:58,35.85,182,6525
2026-01-02 10:08:59,35.85,178,6381
2026-01-02 10:09:00,35.85,200,7170
2026-01-02 10:09:01,35.85,185,6632
2026-01-02 10:09:02,35.85,164,5879
2026-01-02 10:09:03,35.85,180,6453
2026-01-02 10:09:04,35.85,181,6489
2026-01-02 10:09:05,35.85,177,6345
2026-01-02 10:09:06,35.85,202,7242
2026-01-02 10:09:07,35.85,167,5987
2026-01-02 10:09:08,35.85,188,6740
2026-01-02 10:09:09,35.85,172,6166
2026-01-02 10:09:10,35.85,154,5521
2026-01-02 10:09:11,35.85,172,6166
2026-01-02 10:09:12,35.85,190,6812
2026-01-02 10:09:13,35.85,189,6776
2026-01-02 10:09:14,35.85,168,6023
2026-01-02 10:09:15,35.85,211,7564
2026-01-02 10:09:16,35.85,197,7062
2026-01-02 10:09:17,35.85,152,5449
2026-01-02 10:09:18,35.85,176,6310
2026-01-02 10:09:19,35.85,183,6561
2026-01-02 10:09:20,35.85,162,5808
2026-01-02 10:09:21,35.85,177,6345
2026-01-02 10:09:22,35.85,197,7062
2026-01-02 10:09:23,35.85,145,5198
2026-01-02 10:09:24,35.85,170,6094
2026-01-02 10:09:25,35.85,162,5808
2026-01-02 10:09:26,35.85,169,6059
2026-01-02 10:09:27,35.85,186,6668
2026-01-02 10:09:28,35.85,184,6596
2026-01-02 10:09:29,35.85,130,4660
2026-01-02 10:09:30,35.85,187,6704
2026-01-02 10:09:31,35.85,194,6955
2026-01-02 10:09:32,35.85,191,6847
2026-01-02 10:09:33,35.85,193,6919
2026-01-02 10:09:34,35.85,180,6453
2026-01-02 10:09:35,35.85,179,6417
2026-01-02 10:09:36,35.85,197,7062
2026-01-02 10:09:37,35.85,179,6417
2026-01-02 10:09:38,35.85,178,6381
2026-01-02 10:09:39,35.85,194,6955
2026-01-02 10:09:40,35.85,184,6596
2026-01-02 10:09:41,35.85,204,7313
2026-01-02 10:09:42,35.85,166,5951
2026-01-02 10:09:43,35.85,166,5951
2026-01-02 10:09:44,35.85,150,5378
2026-01-02 10:09:45,35.85,166,5951
2026-01-02 10:09:46,35.85,179,6417
2026-01-02 10:09:47,35.85,159,5700
2026-01-02 10:09:48,35.85,161,5772
2026-01-02 10:09:49,35.85,170,6094
2026-01-02 10:09:50,35.85,168,6023
2026-01-02 10:09:51,35.85,165,5915
2026-01-02 10:09:52,35.85,150,5378
2026-01-02 10:09:53,35.85,162,5808
2026-01-02 10:09:54,35.85,159,5700
2026-01-02 10:09:55,35.85,177,6345
2026-01-02 10:09:56,35.85,161,5772
2026-01-02 10:09:57,35.85,150,5378
2026-01-02 10:09:58,35.85,161,5772
2026-01-02 10:09:59,35.85,174,6238
2026-01-02 10:10:00,35.85,193,6919
2026-01-02 10:10:01,35.85,163,5844
2026-01-02 10:10:02,35.85,161,5772
2026-01-02 10:10:03,35.85,156,5593
2026-01-02 10:10:04,35.85,166,5951
2026-01-02 10:10:05,35.85,146,5234
2026-01-02 10:10:06,35.85,174,6238
2026-01-02 10:10:07,35.85,145,5198
2026-01-02 10:10:08,35.85,180,6453
2026-01-02 10:10:09,35.85,173,6202
2026-01-02 10:10:10,35.85,174,6238
2026-01-02 10:10:11,35.85,193,6919
2026-01-02 10:10:12,35.85,155,5557
2026-01-02 10:10:13,35.85,187,6704
2026-01-02 10:10:14,35.85,178,6381
2026-01-02 10:10:15,35.85,182,6525
2026-01-02 10:10:16,35.85,172,6166
2026-01-02 10:10:17,35.85,162,5808
2026-01-02 10:10:18,35.85,176,6310
2026-01-02 10:10:19,35.85,181,6489
2026-01-02 10:10:20,35.85,172,6166
2026-01-02 10:10:21,35.85,179,6417
2026-01-02 10:10:22,35.85,155,5557
2026-01-02 10:10:23,35.85,161,5772
2026-01-02 10:10:24,35.85,175,6274
2026-01-02 10:10:25,35.85,173,6202
2026-01-02 10:10:26,35.85,200,7170
2026-01-02 10:10:27,35.85,176,6310
2026-01-02 10:10:28,35.85,193,6919
2026-01-02 10:10:29,35.85,178,6381
2026-01-02 10:10:30,35.85,157,5628
2026-01-02 10:10:31,35.85,180,6453
2026-01-02 10:10:32,35.85,175,6274
2026-01-02 10:10:33,35.85,167,5987
2026-01-02 10:10:34,35.85,185,6632
2026-01-02 10:10:35,35.85,151,5413
2026-01-02 10:10:36,35.85,173,6202
2026-01-02 10:10:37,35.85,171,6130
2026-01-02 10:10:38,35.85,185,6632
2026-01-02 10:10:39,35.85,197,7062
2026-01-02 10:10:40,35.85,136,4876
2026-01-02 10:10:41,35.85,174,6238
2026-01-02 10:10:42,35.85,159,5700
2026-01-02 10:10:43,35.85,191,6847
2026-01-02 10:10:44,35.85,165,5915
2026-01-02 10:10:45,35.85,195,6991
2026-01-02 10:10:46,35.85,170,6094
2026-01-02 10:10:47,35.85,170,6094
2026-01-02 10:10:48,35.85,184,6596
2026-01-02 10:10:49,35.85,173,6202
2026-01-02 10:10:50,35.85,178,6381
2026-01-02 10:10:51,35.85,166,5951
2026-01-02 10:10:52,35.85,152,5449
2026-01-02 10:10:53,35.85,173,6202
2026-01-02 10:10:54,35.85,159,5700
2026-01-02 10:10:55,35.85,154,5521
2026-01-02 10:10:56,35.85,165,5915
2026-01-02 10:10:57,35.85,183,6561
2026-01-02 10:10:58,35.85,180,6453
2026-01-02 10:10:59,35.85,164,5879
2026-01-02 10:11:00,35.85,180,6453
2026-01-02 10:11:01,35.85,185,6632
2026-01-02 10:11:02,35.85,162,5808
2026-01-02 10:11:03,35.85,163,5844
2026-01-02 10:11:04,35.85,173,6202
2026-01-02 10:11:05,35.85,141,5055
2026-01-02 10:11:06,35.85,167,5987
2026-01-02 10:11:07,35.85,170,6094
2026-01-02 10:11:08,35.85,189,6776
2026-01-02 10:11:09,35.85,143,5127
2026-01-02 10:11:10,35.85,176,6310
2026-01-02 10:11:11,35.85,171,6130
2026-01-02 10:11:12,35.85,164,5879
2026-01-02 10:11:13,35.85,174,6238
2026-01-02 10:11:14,35.85,182,6525
2026-01-02 10:11:15,35.85,164,5879
2026-01-02 10:11:16,35.85,192,6883
2026-01-02 10:11:17,35.85,180,6453
2026-01-02 10:11:18,35.85,197,7062
2026-01-02 10:11:19,35.85,189,6776
2026-01-02 10:11:20,35.85,193,6919
2026-01-02 10:11:21,35.85,168,6023
2026-01-02 10:11:22,35.85,179,6417
2026-01-02 10:11:23,35.85,171,6130
2026-01-02 10:11:24,35.85,157,5628
2026-01-02 10:11:25,35.85,180,6453
2026-01-02 10:11:26,35.85,194,6955
2026-01-02 10:11:27,35.85,159,5700
2026-01-02 10:11:28,35.85,167,5987
2026-01-02 10:11:29,35.85,176,6310
2026-01-02 10:11:30,35.85,166,5951
2026-01-02 10:11:31,35.85,183,6561
2026-01-02 10:11:32,35.85,192,6883
2026-01-02 10:11:33,35.85,160,5736
2026-01-02 10:11:34,35.85,183,6561
2026-01-02 10:11:35,35.85,173,6202
2026-01-02 10:11:36,35.85,166,5951
2026-01-02 10:11:37,35.85,192,6883
2026-01-02 10:11:38,35.85,185,6632
2026-01-02 10:11:39,35.85,185,6632
2026-01-02 10:11:40,35.85,180,6453
2026-01-02 10:11:41,35.85,176,6310
2026-01-02 10:11:42,35.85,173,6202
2026-01-02 10:11:43,35.85,183,6561
2026-01-02 10:11:44,35.85,157,5628
2026-01-02 10:11:45,35.85,177,6345
2026-01-02 10:11:46,35.85,193,6919
2026-01-02 10:11:47,35.85,180,6453
2026-01-02 10:11:48,35.85,179,6417
2026-01-02 10:11:49,35.85,167,5987
2026-01-02 10:11:50,35.85,163,5844
2026-01-02 10:11:51,35.85,147,5270
2026-01-02 10:11:52,35.85,165,5915
2026-01-02 10:11:53,35.85,186,6668
2026-01-02 10:11:54,35.85,167,5987
2026-01-02 10:11:55,35.85,170,6094
2026-01-02 10:11:56,35.85,169,6059
2026-01-02 10:11:57,35.85,159,5700
2026-01-02 10:11:58,35.85,179,6417
2026-01-02 10:11:59,35.85,165,5915
2026-01-02 10:12:00,35.85,173,6202
2026-01-02 10:12:01,35.85,181,6489
2026-01-02 10:12:02,35.85,159,5700
2026-01-02 10:12:03,35.85,146,5234
2026-01-02 10:12:04,35.85,154,5521
2026-01-02 10:12:05,35.85,169,6059
2026-01-02 10:12:06,35.85,182,6525
2026-01-02 10:12:07,35.85,187,6704
2026-01-02 10:12:08,35.85,179,6417
2026-01-02 10:12:09,35.85,155,5557
2026-01-02 10:12:10,35.85,166,5951
2026-01-02 10:12:11,35.85,187,6704
2026-01-02 10:12:12,35.85,178,6381
2026-01-02 10:12:13,35.85,154,5521
2026-01-02 10:12:14,35.85,184,6596
2026-01-02 10:12:15,35.85,180,6453
2026-01-02 10:12:16,35.85,171,6130
2026-01-02 10:12:17,35.85,180,6453
2026-01-02 10:12:18,35.85,153,5485
2026-01-02 10:12:19,35.85,166,5951
2026-01-02 10:12:20,35.85,190,6812
2026-01-02 10:12:21,35.85,162,5808
2026-01-02 10:12:22,35.85,183,6561
2026-01-02 10:12:23,35.85,149,5342
2026-01-02 10:12:24,35.85,168,6023
2026-01-02 10:12:25,35.85,162,5808
2026-01-02 10:12:26,35.85,168,6023
2026-01-02 10:12:27,35.85,169,6059
2026-01-02 10:12:28,35.85,187,6704
2026-01-02 10:12:29,35.85,190,6812
2026-01-02 10:12:30,35.85,174,6238
2026-01-02 10:12:31,35.85,191,6847
2026-01-02 10:12:32,35.85,190,6812
2026-01-02 10:12:33,35.85,152,5449
2026-01-02 10:12:34,35.85,175,6274
2026-01-02 10:12:35,35.85,151,5413
2026-01-02 10:12:36,35.85,165,5915
2026-01-02 10:12:37,35.85,158,5664
2026-01-02 10:12:38,35.85,172,6166
2026-01-02 10:12:39,35.85,187,6704
2026-01-02 10:12:40,35.85,187,6704
2026-01-02 10:12:41,35.85,164,5879
2026-01-02 10:12:42,35.85,198,7098
2026-01-02 10:12:43,35.85,177,6345
2026-01-02 10:12:44,35.85,152,5449
2026-01-02 10:12:45,35.85,162,5808
2026-01-02 10:12:46,35.85,168,6023
2026-01-02 10:12:47,35.85,179,6417
2026-01-02 10:12:48,35.85,185,6632
2026-01-02 10:12:49,35.85,170,6094
2026-01-02 10:12:50,35.85,156,5593
2026-01-02 10:12:51,35.85,147,5270
2026-01-02 10:12:52,35.85,156,5593
2026-01-02 10:12:53,35.85,154,5521
2026-01-02 10:12:54,35.85,163,5844
2026-01-02 10:12:55,35.85,151,5413
2026-01-02 10:12:56,35.85,161,5772
2026-01-02 10:12:57,35.85,177,6345
2026-01-02 10:12:58,35.85,154,5521
2026-01-02 10:12:59,35.85,142,5091
2026-01-02 10:13:00,35.85,151,5413
2026-01-02 10:13:01,35.85,189,6776
2026-01-02 10:13:02,35.85,179,6417
2026-01-02 10:13:03,35.85,154,5521
2026-01-02 10:13:04,35.85,178,6381
2026-01-02 10:13:05,35.85,173,6202
2026-01-02 10:13:06,35.85,150,5378
2026-01-02 10:13:07,35.85,164,5879
2026-01-02 10:13:08,35.85,193,6919
2026-01-02 10:13:09,35.85,147,5270
2026-01-02 10:13:10,35.85,179,6417
2026-01-02 10:13:11,35.85,174,6238
2026-01-02 10:13:12,35.85,155,5557
2026-01-02 10:13:13,35.85,184,6596
2026-01-02 10:13:14,35.85,166,5951
2026-01-02 10:13:15,35.85,174,6238
2026-01-02 10:13:16,35.85,156,5593
2026-01-02 10:13:17,35.85,175,6274
2026-01-02 10:13:18,35.85,168,6023
2026-01-02 10:13:19,35.85,172,6166
2026-01-02 10:13:20,35.85,177,6345
2026-01-02 10:13:21,35.85,174,6238
2026-01-02 10:13:22,35.85,195,6991
2026-01-02 10:13:23,35.85,160,5736
2026-01-02 10:13:24,35.85,175,6274
2026-01-02 10:13:25,35.85,186,6668
2026-01-02 10:13:26,35.85,187,6704
2026-01-02 10:13:27,35.85,175,6274
2026-01-02 10:13:28,35.85,172,6166
2026-01-02 10:13:29,35.85,173,6202
2026-01-02 10:13:30,35.85,185,6632
2026-01-02 10:13:31,35.85,187,6704
2026-01-02 10:13:32,35.85,155,5557
2026-01-02 10:13:33,35.85,155,5557
2026-01-02 10:13:34,35.85,170,6094
2026-01-02 10:13:35,35.85,175,6274
2026-01-02 10:13:36,35.85,171,6130
2026-01-02 10:13:37,35.85,152,5449
2026-01-02 10:13:38,35.85,182,6525
2026-01-02 10:13:39,35.85,167,5987
2026-01-02 10:13:40,35.85,174,6238
2026-01-02 10:13:41,35.85,159,5700
2026-01-02 10:13:42,35.85,179,6417
2026-01-02 10:13:43,35.85,177,6345
2026-01-02 10:13:44,35.85,192,6883
2026-01-02 10:13:45,35.85,180,6453
2026-01-02 10:13:46,35.85,170,6094
2026-01-02 10:13:47,35.85,181,6489
2026-01-02 10:13:48,35.85,176,6310
2026-01-02 10:13:49,35.85,165,5915
2026-01-02 10:13:50,35.85,168,6023
2026-01-02 10:13:51,35.85,165,5915
2026-01-02 10:13:52,35.85,164,5879
2026-01-02 10:13:53,35.85,171,6130
2026-01-02 10:13:54,35.85,168,6023
2026-01-02 10:13:55,35.85,176,6310
2026-01-02 10:13:56,35.85,172,6166
2026-01-02 10:13:57,35.85,157,5628
2026-01-02 10:13:58,35.85,180,6453
2026-01-02 10:13:59,35.85,167,5987
2026-01-02 10:14:00,35.85,138,4947
2026-01-02 10:14:01,35.85,171,6130
2026-01-02 10:14:02,35.85,186,6668
2026-01-02 10:14:03,35.85,197,7062
2026-01-02 10:14:04,35.85,145,5198
2026-01-02 10:14:05,35.85,199,7134
2026-01-02 10:14:06,35.85,170,6094
2026-01-02 10:14:07,35.85,167,5987
2026-01-02 10:14:08,35.85,169,6059
2026-01-02 10:14:09,35.85,155,5557
2026-01-02 10:14:10,35.85,167,5987
2026-01-02 10:14:11,35.85,160,5736
2026-01-02 10:14:12,35.85,172,6166
2026-01-02 10:14:13,35.85,156,5593
2026-01-02 10:14:14,35.85,181,6489
2026-01-02 10:14:15,35.85,170,6094
2026-01-02 10:14:16,35.85,154,5521
2026-01-02 10:14:17,35.85,167,5987
2026-01-02 10:14:18,35.85,146,5234
2026-01-02 10:14:19,35.85,188,6740
2026-01-02 10:14:20,35.85,173,6202
2026-01-02 10:14:21,35.85,163,5844
2026-01-02 10:14:22,35.85,171,6130
2026-01-02 10:14:23,35.85,166,5951
2026-01-02 10:14:24,35.85,172,6166
2026-01-02 10:14:25,35.85,175,6274
2026-01-02 10:14:26,35.85,172,6166
2026-01-02 10:14:27,35.85,162,5808
2026-01-02 10:14:28,35.85,169,6059
2026-01-02 10:14:29,35.85,168,6023
2026-01-02 10:14:30,35.85,171,6130
2026-01-02 10:14:31,35.85,162,5808
2026-01-02 10:14:32,35.85,183,6561
2026-01-02 10:14:33,35.85,176,6310
2026-01-02 10:14:34,35.85,163,5844
2026-01-02 10:14:35,35.85,177,6345
2026-01-02 10:14:36,35.85,154,5521
2026-01-02 10:14:37,35.85,177,6345
2026-01-02 10:14:38,35.85,181,6489
2026-01-02 10:14:39,35.85,174,6238
2026-01-02 10:14:40,35.85,192,6883
2026-01-02 10:14:41,35.85,140,5019
2026-01-02 10:14:42,35.85,163,5844
2026-01-02 10:14:43,35.85,178,6381
2026-01-02 10:14:44,35.85,191,6847
2026-01-02 10:14:45,35.85,184,6596
2026-01-02 10:14:46,35.85,188,6740
2026-01-02 10:14:47,35.85,185,6632
2026-01-02 10:14:48,35.85,177,6345
2026-01-02 10:14:49,35.85,155,5557
2026-01-02 10:14:50,35.85,168,6023
2026-01-02 10:14:51,35.85,195,6991
2026-01-02 10:14:52,35.85,169,6059
2026-01-02 10:14:53,35.85,148,5306
2026-01-02 10:14:54,35.85,163,5844
2026-01-02 10:14:55,35.85,160,5736
2026-01-02 10:14:56,35.85,157,5628
2026-01-02 10:14:57,35.85,133,4768
2026-01-02 10:14:58,35.85,144,5162
2026-01-02 10:14:59,35.85,170,6094
2026-01-02 10:15:00,35.85,169,6059
2026-01-02 10:15:01,35.85,180,6453
2026-01-02 10:15:02,35.85,182,6525
2026-01-02 10:15:03,35.85,181,6489
2026-01-02 10:15:04,35.85,167,5987
2026-01-02 10:15:05,35.85,170,6094
2026-01-02 10:15:06,35.85,163,5844
2026-01-02 10:15:07,35.85,142,5091
2026-01-02 10:15:08,35.85,163,5844
2026-01-02 10:15:09,35.85,185,6632
2026-01-02 10:15:10,35.85,186,6668
2026-01-02 10:15:11,35.85,149,5342
2026-01-02 10:15:12,35.85,173,6202
2026-01-02 10:15:13,35.85,161,5772
2026-01-02 10:15:14,35.85,142,5091
2026-01-02 10:15:15,35.85,173,6202
2026-01-02 10:15:16,35.85,157,5628
2026-01-02 10:15:17,35.85,171,6130
2026-01-02 10:15:18,35.85,174,6238
2026-01-02 10:15:19,35.85,170,6094
2026-01-02 10:15:20,35.85,174,6238
2026-01-02 10:15:21,35.85,147,5270
2026-01-02 10:15:22,35.85,154,5521
2026-01-02 10:15:23,35.85,170,6094
2026-01-02 10:15:24,35.85,179,6417
2026-01-02 10:15:25,35.85,172,6166
2026-01-02 10:15:26,35.85,181,6489
2026-01-02 10:15:27,35.85,168,6023
2026-01-02 10:15:28,35.85,175,6274
2026-01-02 10:15:29,35.85,165,5915
2026-01-02 10:15:30,35.85,170,6094
2026-01-02 10:15:31,35.85,177,6345
2026-01-02 10:15:32,35.85,184,6596
2026-01-02 10:15:33,35.85,144,5162
2026-01-02 10:15:34,35.85,178,6381
2026-01-02 10:15:35,35.85,167,5987
2026-01-02 10:15:36,35.85,139,4983
2026-01-02 10:15:37,35.85,174,6238
2026-01-02 10:15:38,35.85,148,5306
2026-01-02 10:15:39,35.85,163,5844
2026-01-02 10:15:40,35.85,150,5378
2026-01-02 10:15:41,35.85,173,6202
2026-01-02 10:15:42,35.85,177,6345
2026-01-02 10:15:43,35.85,149,5342
2026-01-02 10:15:44,35.85,166,5951
2026-01-02 10:15:45,35.85,165,5915
2026-01-02 10:15:46,35.85,172,6166
2026-01-02 10:15:47,35.85,150,5378
2026-01-02 10:15:48,35.85,158,5664
2026-01-02 10:15:49,35.85,149,5342
2026-01-02 10:15:50,35.85,155,5557
2026-01-02 10:15:51,35.85,149,5342
2026-01-02 10:15:52,35.85,159,5700
2026-01-02 10:15:53,35.85,165,5915
2026-01-02 10:15:54,35.85,171,6130
2026-01-02 10:15:55,35.85,161,5772
2026-01-02 10:15:56,35.85,169,6059
2026-01-02 10:15:57,35.85,143,5127
2026-01-02 10:15:58,35.85,165,5915
2026-01-02 10:15:59,35.85,167,5987
2026-01-02 10:16:00,35.85,164,5879
2026-01-02 10:16:01,35.85,163,5844
2026-01-02 10:16:02,35.85,183,6561
2026-01-02 10:16:03,35.85,167,5987
2026-01-02 10:16:04,35.85,153,5485
2026-01-02 10:16:05,35.85,174,6238
2026-01-02 10:16:06,35.85,140,5019
2026-01-02 10:16:07,35.85,146,5234
2026-01-02 10:16:08,35.85,139,4983
2026-01-02 10:16:09,35.85,166,5951
2026-01-02 10:16:10,35.85,180,6453
2026-01-02 10:16:11,35.85,157,5628
2026-01-02 10:16:12,35.85,155,5557
2026-01-02 10:16:13,35.85,159,5700
2026-01-02 10:16:14,35.85,167,5987
2026-01-02 10:16:15,35.85,190,6812
2026-01-02 10:16:16,35.85,152,5449
2026-01-02 10:16:17,35.85,169,6059
2026-01-02 10:16:18,35.85,190,6812
2026-01-02 10:16:19,35.85,160,5736
2026-01-02 10:16:20,35.85,160,5736
2026-01-02 10:16:21,35.85,182,6525
2026-01-02 10:16:22,35.85,168,6023
2026-01-02 10:16:23,35.85,162,5808
2026-01-02 10:16:24,35.85,161,5772
2026-01-02 10:16:25,35.85,186,6668
2026-01-02 10:16:26,35.85,155,5557
2026-01-02 10:16:27,35.85,173,6202
2026-01-02 10:16:28,35.85,181,6489
2026-01-02 10:16:29,35.85,172,6166
2026-01-02 10:16:30,35.85,177,6345
2026-01-02 10:16:31,35.85,166,5951
2026-01-02 10:16:32,35.85,164,5879
2026-01-02 10:16:33,35.85,166,5951
2026-01-02 10:16:34,35.85,156,5593
2026-01-02 10:16:35,35.85,168,6023
2026-01-02 10:16:36,35.85,165,5915
2026-01-02 10:16:37,35.85,165,5915
2026-01-02 10:16:38,35.85,180,6453
2026-01-02 10:16:39,35.85,165,5915
2026-01-02 10:16:40,35.85,162,5808
2026-01-02 10:16:41,35.85,138,4947
2026-01-02 10:16:42,35.85,170,6094
2026-01-02 10:16:43,35.85,182,6525
2026-01-02 10:16:44,35.85,179,6417
2026-01-02 10:16:45,35.85,197,7062
2026-01-02 10:16:46,35.85,170,6094
2026-01-02 10:16:47,35.85,145,5198
2026-01-02 10:16:48,35.85,175,6274
2026-01-02 10:16:49,35.85,158,5664
2026-01-02 10:16:50,35.85,162,5808
2026-01-02 10:16:51,35.85,153,5485
2026-01-02 10:16:52,35.85,172,6166
2026-01-02 10:16:53,35.85,172,6166
2026-01-02 10:16:54,35.85,176,6310
2026-01-02 10:16:55,35.85,149,5342
2026-01-02 10:16:56,35.85,183,6561
2026-01-02 10:16:57,35.85,164,5879
2026-01-02 10:16:58,35.85,162,5808
2026-01-02 10:16:59,35.85,140,5019
2026-01-02 10:17:00,35.85,154,5521
2026-01-02 10:17:01,35.85,177,6345
2026-01-02 10:17:02,35.85,171,6130
2026-01-02 10:17:03,35.85,174,6238
2026-01-02 10:17:04,35.85,168,6023
2026-01-02 10:17:05,35.85,170,6094
2026-01-02 10:17:06,35.85,173,6202
2026-01-02 10:17:07,35.85,180,6453
2026-01-02 10:17:08,35.85,149,5342
2026-01-02 10:17:09,35.85,150,5378
2026-01-02 10:17:10,35.85,154,5521
2026-01-02 10:17:11,35.85,170,6094
2026-01-02 10:17:12,35.85,208,7457
2026-01-02 10:17:13,35.85,160,5736
2026-01-02 10:17:14,35.85,150,5378
2026-01-02 10:17:15,35.85,165,5915
2026-01-02 10:17:16,35.85,154,5521
2026-01-02 10:17:17,35.85,162,5808
2026-01-02 10:17:18,35.85,171,6130
2026-01-02 10:17:19,35.85,165,5915
2026-01-02 10:17:20,35.85,148,5306
2026-01-02 10:17:21,35.85,150,5378
2026-01-02 10:17:22,35.85,194,6955
2026-01-02 10:17:23,35.85,171,6130
2026-01-02 10:17:24,35.85,158,5664
2026-01-02 10:17:25,35.85,150,5378
2026-01-02 10:17:26,35.85,174,6238
2026-01-02 10:17:27,35.85,154,5521
2026-01-02 10:17:28,35.85,149,5342
2026-01-02 10:17:29,35.85,184,6596
2026-01-02 10:17:30,35.85,155,5557
2026-01-02 10:17:31,35.85,139,4983
2026-01-02 10:17:32,35.85,155,5557
2026-01-02 10:17:33,35.85,150,5378
2026-01-02 10:17:34,35.85,173,6202
