timestamp,price,volume,amount
2026-01-02 09:30:00,2313.63,217,502058
2026-01-02 09:30:01,2316.08,208,481745
2026-01-02 09:30:02,2315.54,207,479317
2026-01-02 09:30:03,2320.12,201,466344
2026-01-02 09:30:04,2333.27,221,515653
2026-01-02 09:30:05,2333.27,202,471321
2026-01-02 09:30:06,2333.27,209,487653
2026-01-02 09:30:07,2333.27,211,492320
2026-01-02 09:30:08,2328.75,212,493695
2026-01-02 09:30:09,2332.67,224,522518
2026-01-02 09:30:10,2320.27,226,524381
2026-01-02 09:30:11,2305.57,229,527976
2026-01-02 09:30:12,2306.05,212,488883
2026-01-02 09:30:13,2311.58,198,457693
2026-01-02 09:30:14,2305.85,226,521122
2026-01-02 09:30:15,2295.00,207,475065
2026-01-02 09:30:16,2296.49,209,479966
2026-01-02 09:30:17,2289.81,191,437354
2026-01-02 09:30:18,2289.87,185,423626
2026-01-02 09:30:19,2286.80,209,477941
2026-01-02 09:30:20,2286.80,198,452786
2026-01-02 09:30:21,2286.80,211,482515
2026-01-02 09:30:22,2286.80,207,473368
2026-01-02 09:30:23,2286.80,229,523677
2026-01-02 09:30:24,2286.80,224,512243
2026-01-02 09:30:25,2286.80,223,509956
2026-01-02 09:30:26,2286.80,211,482515
2026-01-02 09:30:27,2286.80,216,493949
2026-01-02 09:30:28,2286.80,206,471081
2026-01-02 09:30:29,2286.80,189,432205
2026-01-02 09:30:30,2286.80,205,468794
2026-01-02 09:30:31,2286.80,225,514530
2026-01-02 09:30:32,2286.80,238,544258
2026-01-02 09:30:33,2286.80,220,503096
2026-01-02 09:30:34,2286.80,207,473368
2026-01-02 09:30:35,2286.80,161,368175
2026-01-02 09:30:36,2286.80,190,434492
2026-01-02 09:30:37,2286.80,197,450500
2026-01-02 09:30:38,2286.80,201,459647
2026-01-02 09:30:39,2286.80,191,436779
2026-01-02 09:30:40,2286.80,224,512243
2026-01-02 09:30:41,2286.80,227,519104
2026-01-02 09:30:42,2286.80,210,480228
2026-01-02 09:30:43,2286.80,226,516817
2026-01-02 09:30:44,2286.80,219,500809
2026-01-02 09:30:45,2286.80,211,482515
2026-01-02 09:30:46,2286.80,210,480228
2026-01-02 09:30:47,2286.80,220,503096
2026-01-02 09:30:48,2286.80,232,530538
2026-01-02 09:30:49,2286.80,233,532824
2026-01-02 09:30:50,2286.80,218,498522
2026-01-02 09:30:51,2286.80,212,484802
2026-01-02 09:30:52,2286.80,227,519104
2026-01-02 09:30:53,2286.80,194,443639
2026-01-02 09:30:54,2286.80,224,512243
2026-01-02 09:30:55,2286.80,206,471081
2026-01-02 09:30:56,2286.80,218,498522
2026-01-02 09:30:57,2286.80,202,461934
2026-01-02 09:30:58,2286.80,226,516817
2026-01-02 09:30:59,2286.80,205,468794
2026-01-02 09:31:00,2286.80,214,489375
2026-01-02 09:31:01,2286.80,204,466507
2026-01-02 09:31:02,2286.80,214,489375
2026-01-02 09:31:03,2286.80,227,519104
2026-01-02 09:31:04,2286.80,235,537398
2026-01-02 09:31:05,2286.80,206,471081
2026-01-02 09:31:06,2286.80,218,498522
2026-01-02 09:31:07,2286.80,169,386469
2026-01-02 09:31:08,2286.80,203,464220
2026-01-02 09:31:09,2286.80,203,464220
2026-01-02 09:31:10,2286.80,197,450500
2026-01-02 09:31:11,2286.80,210,480228
2026-01-02 09:31:12,2286.80,205,468794
2026-01-02 09:31:13,2286.80,196,448213
2026-01-02 09:31:14,2286.80,203,464220
2026-01-02 09:31:15,2286.80,196,448213
2026-01-02 09:31:16,2286.80,235,537398
2026-01-02 09:31:17,2286.80,203,464220
2026-01-02 09:31:18,2286.80,230,525964
2026-01-02 09:31:19,2286.80,208,475654
2026-01-02 09:31:20,2286.80,226,516817
2026-01-02 09:31:21,2286.80,199,455073
2026-01-02 09:31:22,2286.80,187,427632
2026-01-02 09:31:23,2286.80,196,448213
2026-01-02 09:31:24,2286.80,196,448213
2026-01-02 09:31:25,2286.80,226,516817
2026-01-02 09:31:26,2286.80,195,445926
2026-01-02 09:31:27,2286.80,204,466507
2026-01-02 09:31:28,2286.80,216,493949
2026-01-02 09:31:29,2286.80,208,475654
2026-01-02 09:31:30,2286.80,241,551119
2026-01-02 09:31:31,2286.80,197,450500
2026-01-02 09:31:32,2286.80,210,480228
2026-01-02 09:31:33,2286.80,189,432205
2026-01-02 09:31:34,2286.80,205,468794
2026-01-02 09:31:35,2286.80,203,464220
2026-01-02 09:31:36,2286.80,211,482515
2026-01-02 09:31:37,2286.80,236,539685
2026-01-02 09:31:38,2286.80,221,505383
2026-01-02 09:31:39,2286.80,239,546545
2026-01-02 09:31:40,2286.80,218,498522
2026-01-02 09:31:41,2286.80,186,425345
2026-01-02 09:31:42,2286.80,206,471081
2026-01-02 09:31:43,2286.80,245,560266
2026-01-02 09:31:44,2286.80,211,482515
2026-01-02 09:31:45,2286.80,235,537398
2026-01-02 09:31:46,2286.80,208,475654
2026-01-02 09:31:47,2286.80,209,477941
2026-01-02 09:31:48,2286.80,235,537398
2026-01-02 09:31:49,2286.80,199,455073
2026-01-02 09:31:50,2286.80,213,487088
2026-01-02 09:31:51,2286.80,231,528251
2026-01-02 09:31:52,2286.80,213,487088
2026-01-02 09:31:53,2286.80,215,491662
2026-01-02 09:31:54,2286.80,190,434492
2026-01-02 09:31:55,2286.80,206,471081
2026-01-02 09:31:56,2286.80,198,452786
2026-01-02 09:31:57,2286.80,200,457360
2026-01-02 09:31:58,2286.80,237,541972
2026-01-02 09:31:59,2286.80,208,475654
2026-01-02 09:32:00,2286.80,224,512243
2026-01-02 09:32:01,2286.80,232,530538
2026-01-02 09:32:02,2286.80,212,484802
2026-01-02 09:32:03,2286.80,215,491662
2026-01-02 09:32:04,2286.80,199,455073
2026-01-02 09:32:05,2286.80,177,404764
2026-01-02 09:32:06,2286.80,212,484802
2026-01-02 09:32:07,2296.33,212,486822
2026-01-02 09:32:08,2317.25,220,509795
2026-01-02 09:32:09,2304.04,202,465416
2026-01-02 09:32:10,2308.02,194,447756
2026-01-02 09:32:11,2321.49,204,473584
2026-01-02 09:32:12,2308.98,182,420234
2026-01-02 09:32:13,2294.48,201,461190
2026-01-02 09:32:14,2286.80,231,528251
2026-01-02 09:32:15,2286.80,201,459647
2026-01-02 09:32:16,2286.80,202,461934
2026-01-02 09:32:17,2286.80,194,443639
2026-01-02 09:32:18,2286.80,230,525964
2026-01-02 09:32:19,2286.80,200,457360
2026-01-02 09:32:20,2286.80,210,480228
2026-01-02 09:32:21,2286.80,218,498522
2026-01-02 09:32:22,2286.80,219,500809
2026-01-02 09:32:23,2286.80,197,450500
2026-01-02 09:32:24,2286.80,197,450500
2026-01-02 09:32:25,2286.80,221,505383
2026-01-02 09:32:26,2286.80,216,493949
2026-01-02 09:32:27,2286.80,202,461934
2026-01-02 09:32:28,2286.80,221,505383
2026-01-02 09:32:29,2286.80,205,468794
2026-01-02 09:32:30,2286.80,187,427632
2026-01-02 09:32:31,2286.80,198,452786
2026-01-02 09:32:32,2286.80,232,530538
2026-01-02 09:32:33,2286.80,204,466507
2026-01-02 09:32:34,2286.80,214,489375
2026-01-02 09:32:35,2286.80,214,489375
2026-01-02 09:32:36,2286.80,204,466507
2026-01-02 09:32:37,2286.80,203,464220
2026-01-02 09:32:38,2286.80,202,461934
2026-01-02 09:32:39,2286.80,212,484802
2026-01-02 09:32:40,2286.80,199,455073
2026-01-02 09:32:41,2286.80,205,468794
2026-01-02 09:32:42,2286.80,213,487088
2026-01-02 09:32:43,2286.80,186,425345
2026-01-02 09:32:44,2286.80,201,459647
2026-01-02 09:32:45,2286.80,199,455073
2026-01-02 09:32:46,2286.80,190,434492
2026-01-02 09:32:47,2286.80,200,457360
2026-01-02 09:32:48,2286.80,224,512243
2026-01-02 09:32:49,2286.80,200,457360
2026-01-02 09:32:50,2286.80,222,507670
2026-01-02 09:32:51,2286.80,204,466507
2026-01-02 09:32:52,2286.80,191,436779
2026-01-02 09:32:53,2286.80,213,487088
2026-01-02 09:32:54,2286.80,208,475654
2026-01-02 09:32:55,2286.80,208,475654
2026-01-02 09:32:56,2286.80,211,482515
2026-01-02 09:32:57,2286.80,183,418484
2026-01-02 09:32:58,2286.80,201,459647
2026-01-02 09:32:59,2286.80,206,471081
2026-01-02 09:33:00,2286.80,201,459647
2026-01-02 09:33:01,2286.80,219,500809
2026-01-02 09:33:02,2286.80,196,448213
2026-01-02 09:33:03,2286.80,207,473368
2026-01-02 09:33:04,2286.80,225,514530
2026-01-02 09:33:05,2286.80,207,473368
2026-01-02 09:33:06,2286.80,217,496236
2026-01-02 09:33:07,2286.80,198,452786
2026-01-02 09:33:08,2286.80,214,489375
2026-01-02 09:33:09,2286.80,198,452786
2026-01-02 09:33:10,2286.80,214,489375
2026-01-02 09:33:11,2294.01,219,502388
2026-01-02 09:33:12,2298.60,198,455123
2026-01-02 09:33:13,2290.32,198,453483
2026-01-02 09:33:14,2292.31,214,490554
2026-01-02 09:33:15,2286.96,218,498557
2026-01-02 09:33:16,2294.29,237,543747
2026-01-02 09:33:17,2288.97,212,485262
2026-01-02 09:33:18,2311.26,212,489987
2026-01-02 09:33:19,2315.48,202,467727
2026-01-02 09:33:20,2307.13,212,489112
2026-01-02 09:33:21,2303.63,200,460726
2026-01-02 09:33:22,2308.31,198,457045
2026-01-02 09:33:23,2291.48,202,462879
2026-01-02 09:33:24,2292.46,202,463077
2026-01-02 09:33:25,2286.80,194,443639
2026-01-02 09:33:26,2286.80,187,427632
2026-01-02 09:33:27,2286.80,186,425345
2026-01-02 09:33:28,2286.80,217,496236
2026-01-02 09:33:29,2286.80,205,468794
2026-01-02 09:33:30,2286.80,204,466507
2026-01-02 09:33:31,2286.80,214,489375
2026-01-02 09:33:32,2286.80,189,432205
2026-01-02 09:33:33,2300.61,195,448619
2026-01-02 09:33:34,2306.23,214,493533
2026-01-02 09:33:35,2318.51,197,456746
2026-01-02 09:33:36,2322.32,213,494654
2026-01-02 09:33:37,2318.65,194,449818
2026-01-02 09:33:38,2329.18,226,526395
2026-01-02 09:33:39,2316.73,187,433229
2026-01-02 09:33:40,2319.68,193,447698
2026-01-02 09:33:41,2324.31,211,490429
2026-01-02 09:33:42,2327.56,221,514391
2026-01-02 09:33:43,2328.85,215,500703
2026-01-02 09:33:44,2319.71,217,503377
2026-01-02 09:33:45,2310.34,200,462068
2026-01-02 09:33:46,2310.26,213,492085
2026-01-02 09:33:47,2321.00,184,427064
2026-01-02 09:33:48,2333.27,224,522652
2026-01-02 09:33:49,2333.27,231,538985
2026-01-02 09:33:50,2333.27,200,466654
2026-01-02 09:33:51,2333.27,210,489987
2026-01-02 09:33:52,2328.01,221,514490
2026-01-02 09:33:53,2323.73,190,441509
2026-01-02 09:33:54,2307.50,196,452270
2026-01-02 09:33:55,2296.47,210,482259
2026-01-02 09:33:56,2299.75,216,496746
2026-01-02 09:33:57,2308.51,180,415532
2026-01-02 09:33:58,2324.93,204,474286
2026-01-02 09:33:59,2333.05,181,422282
2026-01-02 09:34:00,2318.91,208,482333
2026-01-02 09:34:01,2303.23,181,416885
2026-01-02 09:34:02,2315.57,208,481639
2026-01-02 09:34:03,2311.85,189,436940
2026-01-02 09:34:04,2297.30,240,551352
2026-01-02 09:34:05,2288.81,212,485228
2026-01-02 09:34:06,2300.07,195,448514
2026-01-02 09:34:07,2294.95,196,449810
2026-01-02 09:34:08,2287.10,203,464281
2026-01-02 09:34:09,2286.80,193,441352
2026-01-02 09:34:10,2286.80,183,418484
2026-01-02 09:34:11,2286.80,204,466507
2026-01-02 09:34:12,2294.89,199,456683
2026-01-02 09:34:13,2293.50,232,532092
2026-01-02 09:34:14,2288.04,212,485064
2026-01-02 09:34:15,2289.80,218,499176
2026-01-02 09:34:16,2286.80,195,445926
2026-01-02 09:34:17,2297.82,201,461862
2026-01-02 09:34:18,2298.29,233,535502
2026-01-02 09:34:19,2297.08,224,514546
2026-01-02 09:34:20,2295.57,180,413203
2026-01-02 09:34:21,2295.35,193,443003
2026-01-02 09:34:22,2287.30,200,457460
2026-01-02 09:34:23,2299.60,226,519710
2026-01-02 09:34:24,2319.04,211,489317
2026-01-02 09:34:25,2320.83,187,433995
2026-01-02 09:34:26,2313.75,202,467378
2026-01-02 09:34:27,2316.51,214,495733
2026-01-02 09:34:28,2325.19,213,495265
2026-01-02 09:34:29,2322.05,205,476020
2026-01-02 09:34:30,2329.08,187,435538
2026-01-02 09:34:31,2312.27,192,443956
2026-01-02 09:34:32,2321.43,204,473572
2026-01-02 09:34:33,2314.21,185,428129
2026-01-02 09:34:34,2308.75,193,445589
2026-01-02 09:34:35,2289.36,211,483055
2026-01-02 09:34:36,2286.80,206,471081
2026-01-02 09:34:37,2286.80,189,432205
2026-01-02 09:34:38,2286.80,198,452786
2026-01-02 09:34:39,2286.80,213,487088
2026-01-02 09:34:40,2286.80,201,459647
2026-01-02 09:34:41,2286.80,217,496236
2026-01-02 09:34:42,2286.80,191,436779
2026-01-02 09:34:43,2286.80,188,429918
2026-01-02 09:34:44,2286.80,206,471081
2026-01-02 09:34:45,2286.80,193,441352
2026-01-02 09:34:46,2286.80,176,402477
2026-01-02 09:34:47,2286.80,194,443639
2026-01-02 09:34:48,2286.80,207,473368
2026-01-02 09:34:49,2286.80,215,491662
2026-01-02 09:34:50,2287.35,218,498642
2026-01-02 09:34:51,2286.80,199,455073
2026-01-02 09:34:52,2286.80,211,482515
2026-01-02 09:34:53,2287.48,193,441484
2026-01-02 09:34:54,2286.80,205,468794
2026-01-02 09:34:55,2286.80,214,489375
2026-01-02 09:34:56,2286.80,183,418484
2026-01-02 09:34:57,2286.80,199,455073
2026-01-02 09:34:58,2286.80,206,471081
2026-01-02 09:34:59,2286.80,198,452786
2026-01-02 09:35:00,2286.80,224,512243
2026-01-02 09:35:01,2286.80,186,425345
2026-01-02 09:35:02,2286.80,214,489375
2026-01-02 09:35:03,2286.80,203,464220
2026-01-02 09:35:04,2286.80,192,439066
2026-01-02 09:35:05,2286.80,214,489375
2026-01-02 09:35:06,2286.80,202,461934
2026-01-02 09:35:07,2286.80,189,432205
2026-01-02 09:35:08,2286.80,210,480228
2026-01-02 09:35:09,2286.80,213,487088
2026-01-02 09:35:10,2286.80,192,439066
2026-01-02 09:35:11,2286.80,208,475654
2026-01-02 09:35:12,2286.80,200,457360
2026-01-02 09:35:13,2286.80,215,491662
2026-01-02 09:35:14,2286.80,211,482515
2026-01-02 09:35:15,2286.80,187,427632
2026-01-02 09:35:16,2286.80,211,482515
2026-01-02 09:35:17,2286.80,186,425345
2026-01-02 09:35:18,2286.80,193,441352
2026-01-02 09:35:19,2286.80,194,443639
2026-01-02 09:35:20,2286.80,190,434492
2026-01-02 09:35:21,2286.80,202,461934
2026-01-02 09:35:22,2286.80,211,482515
2026-01-02 09:35:23,2286.80,219,500809
2026-01-02 09:35:24,2286.80,222,507670
2026-01-02 09:35:25,2286.80,207,473368
2026-01-02 09:35:26,2286.80,202,461934
2026-01-02 09:35:27,2286.80,226,516817
2026-01-02 09:35:28,2286.80,218,498522
2026-01-02 09:35:29,2286.80,218,498522
2026-01-02 09:35:30,2286.80,211,482515
2026-01-02 09:35:31,2286.80,210,480228
2026-01-02 09:35:32,2286.80,203,464220
2026-01-02 09:35:33,2286.80,214,489375
2026-01-02 09:35:34,2286.80,197,450500
2026-01-02 09:35:35,2286.80,196,448213
2026-01-02 09:35:36,2286.80,179,409337
2026-01-02 09:35:37,2286.80,180,411624
2026-01-02 09:35:38,2286.80,186,425345
2026-01-02 09:35:39,2286.80,201,459647
2026-01-02 09:35:40,2286.80,165,377322
2026-01-02 09:35:41,2286.80,207,473368
2026-01-02 09:35:42,2286.80,180,411624
2026-01-02 09:35:43,2286.80,199,455073
2026-01-02 09:35:44,2286.80,221,505383
2026-01-02 09:35:45,2286.80,177,404764
2026-01-02 09:35:46,2286.80,177,404764
2026-01-02 09:35:47,2286.80,221,505383
2026-01-02 09:35:48,2286.80,193,441352
2026-01-02 09:35:49,2286.80,208,475654
2026-01-02 09:35:50,2286.80,176,402477
2026-01-02 09:35:51,2286.80,173,395616
2026-01-02 09:35:52,2286.80,194,443639
2026-01-02 09:35:53,2286.80,210,480228
2026-01-02 09:35:54,2286.80,194,443639
2026-01-02 09:35:55,2286.80,161,368175
2026-01-02 09:35:56,2286.80,188,429918
2026-01-02 09:35:57,2286.80,196,448213
2026-01-02 09:35:58,2286.80,221,505383
2026-01-02 09:35:59,2286.80,183,418484
2026-01-02 09:36:00,2286.80,214,489375
2026-01-02 09:36:01,2286.80,199,455073
2026-01-02 09:36:02,2286.80,233,532824
2026-01-02 09:36:03,2286.80,197,450500
2026-01-02 09:36:04,2286.80,206,471081
2026-01-02 09:36:05,2286.80,198,452786
2026-01-02 09:36:06,2286.80,194,443639
2026-01-02 09:36:07,2286.80,206,471081
2026-01-02 09:36:08,2286.80,178,407050
2026-01-02 09:36:09,2286.80,196,448213
2026-01-02 09:36:10,2286.80,177,404764
2026-01-02 09:36:11,2286.80,186,425345
2026-01-02 09:36:12,2286.80,219,500809
2026-01-02 09:36:13,2286.80,202,461934
2026-01-02 09:36:14,2286.80,198,452786
2026-01-02 09:36:15,2286.80,214,489375
2026-01-02 09:36:16,2286.80,220,503096
2026-01-02 09:36:17,2286.80,244,557979
2026-01-02 09:36:18,2286.80,219,500809
2026-01-02 09:36:19,2286.80,190,434492
2026-01-02 09:36:20,2286.80,228,521390
2026-01-02 09:36:21,2286.80,190,434492
2026-01-02 09:36:22,2286.80,204,466507
2026-01-02 09:36:23,2286.80,208,475654
2026-01-02 09:36:24,2286.80,198,452786
2026-01-02 09:36:25,2286.80,200,457360
2026-01-02 09:36:26,2286.80,225,514530
2026-01-02 09:36:27,2286.80,209,477941
2026-01-02 09:36:28,2286.80,181,413911
2026-01-02 09:36:29,2286.80,206,471081
2026-01-02 09:36:30,2286.80,215,491662
2026-01-02 09:36:31,2286.80,198,452786
2026-01-02 09:36:32,2286.80,188,429918
2026-01-02 09:36:33,2286.80,198,452786
2026-01-02 09:36:34,2286.80,206,471081
2026-01-02 09:36:35,2286.80,208,475654
2026-01-02 09:36:36,2286.80,199,455073
2026-01-02 09:36:37,2286.80,204,466507
2026-01-02 09:36:38,2286.80,190,434492
2026-01-02 09:36:39,2286.80,196,448213
2026-01-02 09:36:40,2286.80,209,477941
2026-01-02 09:36:41,2286.80,213,487088
2026-01-02 09:36:42,2286.80,208,475654
2026-01-02 09:36:43,2286.80,208,475654
2026-01-02 09:36:44,2286.80,214,489375
2026-01-02 09:36:45,2286.80,194,443639
2026-01-02 09:36:46,2286.80,202,461934
2026-01-02 09:36:47,2286.80,203,464220
2026-01-02 09:36:48,2286.80,195,445926
2026-01-02 09:36:49,2286.80,203,464220
2026-01-02 09:36:50,2286.80,227,519104
2026-01-02 09:36:51,2286.80,196,448213
2026-01-02 09:36:52,2286.80,209,477941
2026-01-02 09:36:53,2286.80,196,448213
2026-01-02 09:36:54,2286.80,196,448213
2026-01-02 09:36:55,2286.80,192,439066
2026-01-02 09:36:56,2286.80,192,439066
2026-01-02 09:36:57,2286.80,246,562553
2026-01-02 09:36:58,2286.80,190,434492
2026-01-02 09:36:59,2286.80,208,475654
2026-01-02 09:37:00,2286.80,213,487088
2026-01-02 09:37:01,2286.80,208,475654
2026-01-02 09:37:02,2286.80,215,491662
2026-01-02 09:37:03,2286.80,216,493949
2026-01-02 09:37:04,2286.80,200,457360
2026-01-02 09:37:05,2286.80,201,459647
2026-01-02 09:37:06,2286.80,194,443639
2026-01-02 09:37:07,2286.80,189,432205
2026-01-02 09:37:08,2286.80,193,441352
2026-01-02 09:37:09,2286.80,188,429918
2026-01-02 09:37:10,2286.80,198,452786
2026-01-02 09:37:11,2286.80,214,489375
2026-01-02 09:37:12,2286.80,229,523677
2026-01-02 09:37:13,2286.80,228,521390
2026-01-02 09:37:14,2286.80,183,418484
2026-01-02 09:37:15,2286.80,233,532824
2026-01-02 09:37:16,2286.80,191,436779
2026-01-02 09:37:17,2286.80,205,468794
2026-01-02 09:37:18,2286.80,180,411624
2026-01-02 09:37:19,2286.80,198,452786
2026-01-02 09:37:20,2286.80,213,487088
2026-01-02 09:37:21,2286.80,192,439066
2026-01-02 09:37:22,2286.80,191,436779
2026-01-02 09:37:23,2286.80,208,475654
2026-01-02 09:37:24,2286.80,184,420771
2026-01-02 09:37:25,2286.80,184,420771
2026-01-02 09:37:26,2286.80,208,475654
2026-01-02 09:37:27,2286.80,198,452786
2026-01-02 09:37:28,2286.80,210,480228
2026-01-02 09:37:29,2286.80,202,461934
2026-01-02 09:37:30,2286.80,201,459647
2026-01-02 09:37:31,2286.80,205,468794
2026-01-02 09:37:32,2286.80,186,425345
2026-01-02 09:37:33,2286.80,189,432205
2026-01-02 09:37:34,2286.80,182,416198
2026-01-02 09:37:35,2286.80,172,393330
2026-01-02 09:37:36,2286.80,188,429918
2026-01-02 09:37:37,2286.80,199,455073
2026-01-02 09:37:38,2286.80,204,466507
2026-01-02 09:37:39,2286.80,210,480228
2026-01-02 09:37:40,2286.80,195,445926
2026-01-02 09:37:41,2286.80,228,521390
2026-01-02 09:37:42,2286.80,198,452786
2026-01-02 09:37:43,2286.80,202,461934
2026-01-02 09:37:44,2286.80,191,436779
2026-01-02 09:37:45,2286.80,201,459647
2026-01-02 09:37:46,2286.80,200,457360
2026-01-02 09:37:47,2286.80,193,441352
2026-01-02 09:37:48,2286.80,204,466507
2026-01-02 09:37:49,2286.80,192,439066
2026-01-02 09:37:50,2286.80,203,464220
2026-01-02 09:37:51,2286.80,184,420771
2026-01-02 09:37:52,2286.80,199,455073
2026-01-02 09:37:53,2286.80,185,423058
2026-01-02 09:37:54,2286.80,178,407050
2026-01-02 09:37:55,2286.80,204,466507
2026-01-02 09:37:56,2286.80,228,521390
2026-01-02 09:37:57,2286.80,199,455073
2026-01-02 09:37:58,2286.80,219,500809
2026-01-02 09:37:59,2286.80,183,418484
2026-01-02 09:38:00,2286.80,205,468794
2026-01-02 09:38:01,2286.80,197,450500
2026-01-02 09:38:02,2286.80,191,436779
2026-01-02 09:38:03,2286.80,187,427632
2026-01-02 09:38:04,2286.80,198,452786
2026-01-02 09:38:05,2286.80,218,498522
2026-01-02 09:38:06,2286.80,219,500809
2026-01-02 09:38:07,2286.80,193,441352
2026-01-02 09:38:08,2286.80,202,461934
2026-01-02 09:38:09,2286.80,210,480228
2026-01-02 09:38:10,2286.80,171,391043
2026-01-02 09:38:11,2286.80,207,473368
2026-01-02 09:38:12,2286.80,174,397903
2026-01-02 09:38:13,2286.80,197,450500
2026-01-02 09:38:14,2286.80,207,473368
2026-01-02 09:38:15,2286.80,216,493949
2026-01-02 09:38:16,2286.80,209,477941
2026-01-02 09:38:17,2286.80,215,491662
2026-01-02 09:38:18,2286.80,176,402477
2026-01-02 09:38:19,2286.80,188,429918
2026-01-02 09:38:20,2286.80,197,450500
2026-01-02 09:38:21,2286.80,215,491662
2026-01-02 09:38:22,2286.80,187,427632
2026-01-02 09:38:23,2286.80,211,482515
2026-01-02 09:38:24,2286.80,175,400190
2026-01-02 09:38:25,2286.80,173,395616
2026-01-02 09:38:26,2286.80,191,436779
2026-01-02 09:38:27,2286.80,198,452786
2026-01-02 09:38:28,2286.80,209,477941
2026-01-02 09:38:29,2286.80,203,464220
2026-01-02 09:38:30,2286.80,211,482515
2026-01-02 09:38:31,2286.80,192,439066
2026-01-02 09:38:32,2286.80,194,443639
2026-01-02 09:38:33,2286.80,172,393330
2026-01-02 09:38:34,2286.80,180,411624
2026-01-02 09:38:35,2286.80,193,441352
2026-01-02 09:38:36,2286.80,190,434492
2026-01-02 09:38:37,2286.80,192,439066
2026-01-02 09:38:38,2286.80,192,439066
2026-01-02 09:38:39,2286.80,194,443639
2026-01-02 09:38:40,2286.80,178,407050
2026-01-02 09:38:41,2286.80,197,450500
2026-01-02 09:38:42,2286.80,171,391043
2026-01-02 09:38:43,2286.80,196,448213
2026-01-02 09:38:44,2286.80,215,491662
2026-01-02 09:38:45,2286.80,206,471081
2026-01-02 09:38:46,2286.80,181,413911
2026-01-02 09:38:47,2286.80,230,525964
2026-01-02 09:38:48,2286.80,213,487088
2026-01-02 09:38:49,2286.80,205,468794
2026-01-02 09:38:50,2286.80,173,395616
2026-01-02 09:38:51,2286.80,200,457360
2026-01-02 09:38:52,2286.80,211,482515
2026-01-02 09:38:53,2286.80,201,459647
2026-01-02 09:38:54,2286.80,203,464220
2026-01-02 09:38:55,2286.80,202,461934
2026-01-02 09:38:56,2286.80,212,484802
2026-01-02 09:38:57,2286.80,184,420771
2026-01-02 09:38:58,2286.80,206,471081
2026-01-02 09:38:59,2286.80,183,418484
2026-01-02 09:39:00,2286.80,195,445926
2026-01-02 09:39:01,2286.80,216,493949
2026-01-02 09:39:02,2286.80,199,455073
2026-01-02 09:39:03,2286.80,194,443639
2026-01-02 09:39:04,2286.80,178,407050
2026-01-02 09:39:05,2286.80,194,443639
2026-01-02 09:39:06,2286.80,214,489375
2026-01-02 09:39:07,2286.80,201,459647
2026-01-02 09:39:08,2286.80,215,491662
2026-01-02 09:39:09,2286.80,174,397903
2026-01-02 09:39:10,2286.80,207,473368
2026-01-02 09:39:11,2286.80,218,498522
2026-01-02 09:39:12,2286.80,181,413911
2026-01-02 09:39:13,2286.80,208,475654
2026-01-02 09:39:14,2286.80,202,461934
2026-01-02 09:39:15,2286.80,211,482515
2026-01-02 09:39:16,2286.80,196,448213
2026-01-02 09:39:17,2286.80,206,471081
2026-01-02 09:39:18,2286.80,208,475654
2026-01-02 09:39:19,2286.80,163,372748
2026-01-02 09:39:20,2286.80,195,445926
2026-01-02 09:39:21,2286.80,195,445926
2026-01-02 09:39:22,2286.80,192,439066
2026-01-02 09:39:23,2286.80,222,507670
2026-01-02 09:39:24,2286.80,189,432205
2026-01-02 09:39:25,2286.80,191,436779
2026-01-02 09:39:26,2286.80,205,468794
2026-01-02 09:39:27,2286.80,215,491662
2026-01-02 09:39:28,2286.80,174,397903
2026-01-02 09:39:29,2286.80,174,397903
2026-01-02 09:39:30,2286.80,200,457360
2026-01-02 09:39:31,2286.80,214,489375
2026-01-02 09:39:32,2286.80,166,379609
2026-01-02 09:39:33,2286.80,193,441352
2026-01-02 09:39:34,2286.80,182,416198
2026-01-02 09:39:35,2286.80,187,427632
2026-01-02 09:39:36,2286.80,208,475654
2026-01-02 09:39:37,2286.80,187,427632
2026-01-02 09:39:38,2286.80,181,413911
2026-01-02 09:39:39,2286.80,202,461934
2026-01-02 09:39:40,2286.80,199,455073
2026-01-02 09:39:41,2286.80,188,429918
2026-01-02 09:39:42,2286.80,197,450500
2026-01-02 09:39:43,2286.80,172,393330
2026-01-02 09:39:44,2286.80,177,404764
2026-01-02 09:39:45,2286.80,187,427632
2026-01-02 09:39:46,2286.80,189,432205
2026-01-02 09:39:47,2286.80,209,477941
2026-01-02 09:39:48,2286.80,185,423058
2026-01-02 09:39:49,2286.80,200,457360
2026-01-02 09:39:50,2286.80,202,461934
2026-01-02 09:39:51,2286.80,187,427632
2026-01-02 09:39:52,2286.80,214,489375
2026-01-02 09:39:53,2286.80,187,427632
2026-01-02 09:39:54,2286.80,188,429918
2026-01-02 09:39:55,2286.80,200,457360
2026-01-02 09:39:56,2286.80,184,420771
2026-01-02 09:39:57,2286.80,199,455073
2026-01-02 09:39:58,2286.80,196,448213
2026-01-02 09:39:59,2286.80,183,418484
2026-01-02 09:40:00,2286.80,182,416198
2026-01-02 09:40:01,2286.80,189,432205
2026-01-02 09:40:02,2286.80,193,441352
2026-01-02 09:40:03,2286.80,199,455073
2026-01-02 09:40:04,2286.80,169,386469
2026-01-02 09:40:05,2286.80,182,416198
2026-01-02 09:40:06,2286.80,202,461934
2026-01-02 09:40:07,2286.80,175,400190
2026-01-02 09:40:08,2286.80,199,455073
2026-01-02 09:40:09,2286.80,203,464220
2026-01-02 09:40:10,2286.80,182,416198
2026-01-02 09:40:11,2286.80,170,388756
2026-01-02 09:40:12,2286.80,195,445926
2026-01-02 09:40:13,2286.80,218,498522
2026-01-02 09:40:14,2286.80,207,473368
2026-01-02 09:40:15,2286.80,189,432205
2026-01-02 09:40:16,2286.80,201,459647
2026-01-02 09:40:17,2286.80,213,487088
2026-01-02 09:40:18,2286.80,220,503096
2026-01-02 09:40:19,2286.80,204,466507
2026-01-02 09:40:20,2286.80,198,452786
2026-01-02 09:40:21,2286.80,192,439066
2026-01-02 09:40:22,2286.80,198,452786
2026-01-02 09:40:23,2286.80,212,484802
2026-01-02 09:40:24,2286.80,212,484802
2026-01-02 09:40:25,2286.80,185,423058
2026-01-02 09:40:26,2286.80,180,411624
2026-01-02 09:40:27,2286.80,190,434492
2026-01-02 09:40:28,2286.80,192,439066
2026-01-02 09:40:29,2286.80,198,452786
2026-01-02 09:40:30,2286.80,196,448213
2026-01-02 09:40:31,2286.80,184,420771
2026-01-02 09:40:32,2286.80,191,436779
2026-01-02 09:40:33,2286.80,188,429918
2026-01-02 09:40:34,2286.80,204,466507
2026-01-02 09:40:35,2286.80,199,455073
2026-01-02 09:40:36,2286.80,183,418484
2026-01-02 09:40:37,2286.80,197,450500
2026-01-02 09:40:38,2286.80,212,484802
2026-01-02 09:40:39,2286.80,185,423058
2026-01-02 09:40:40,2286.80,207,473368
2026-01-02 09:40:41,2286.80,164,375035
2026-01-02 09:40:42,2286.80,178,407050
2026-01-02 09:40:43,2286.80,201,459647
2026-01-02 09:40:44,2286.80,187,427632
2026-01-02 09:40:45,2286.80,192,439066
2026-01-02 09:40:46,2286.80,169,386469
2026-01-02 09:40:47,2286.80,193,441352
2026-01-02 09:40:48,2286.80,176,402477
2026-01-02 09:40:49,2286.80,183,418484
2026-01-02 09:40:50,2286.80,201,459647
2026-01-02 09:40:51,2286.80,190,434492
2026-01-02 09:40:52,2286.80,194,443639
2026-01-02 09:40:53,2286.80,190,434492
2026-01-02 09:40:54,2286.80,195,445926
2026-01-02 09:40:55,2286.80,183,418484
2026-01-02 09:40:56,2286.80,199,455073
2026-01-02 09:40:57,2286.80,173,395616
2026-01-02 09:40:58,2286.80,178,407050
2026-01-02 09:40:59,2286.80,210,480228
2026-01-02 09:41:00,2286.80,166,379609
2026-01-02 09:41:01,2286.80,193,441352
2026-01-02 09:41:02,2286.80,190,434492
2026-01-02 09:41:03,2286.80,203,464220
2026-01-02 09:41:04,2286.80,171,391043
2026-01-02 09:41:05,2286.80,172,393330
2026-01-02 09:41:06,2286.80,181,413911
2026-01-02 09:41:07,2286.80,201,459647
2026-01-02 09:41:08,2286.80,186,425345
2026-01-02 09:41:09,2286.80,207,473368
2026-01-02 09:41:10,2286.80,186,425345
2026-01-02 09:41:11,2286.80,211,482515
2026-01-02 09:41:12,2286.80,215,491662
2026-01-02 09:41:13,2286.80,185,423058
2026-01-02 09:41:14,2286.80,170,388756
2026-01-02 09:41:15,2286.80,174,397903
2026-01-02 09:41:16,2286.80,181,413911
2026-01-02 09:41:17,2286.80,184,420771
2026-01-02 09:41:18,2286.80,213,487088
2026-01-02 09:41:19,2286.80,170,388756
2026-01-02 09:41:20,2286.80,211,482515
2026-01-02 09:41:21,2286.80,201,459647
2026-01-02 09:41:22,2286.80,190,434492
2026-01-02 09:41:23,2286.80,201,459647
2026-01-02 09:41:24,2286.80,217,496236
2026-01-02 09:41:25,2286.80,192,439066
2026-01-02 09:41:26,2286.80,191,436779
2026-01-02 09:41:27,2286.80,182,416198
2026-01-02 09:41:28,2286.80,200,457360
2026-01-02 09:41:29,2286.80,162,370462
2026-01-02 09:41:30,2286.80,184,420771
2026-01-02 09:41:31,2286.80,177,404764
2026-01-02 09:41:32,2286.80,180,411624
2026-01-02 09:41:33,2286.80,189,432205
2026-01-02 09:41:34,2286.80,204,466507
2026-01-02 09:41:35,2286.80,189,432205
2026-01-02 09:41:36,2286.80,200,457360
2026-01-02 09:41:37,2286.80,197,450500
2026-01-02 09:41:38,2286.80,193,441352
2026-01-02 09:41:39,2286.80,180,411624
2026-01-02 09:41:40,2286.80,195,445926
2026-01-02 09:41:41,2286.80,164,375035
2026-01-02 09:41:42,2286.80,190,434492
2026-01-02 09:41:43,2286.80,191,436779
2026-01-02 09:41:44,2286.80,199,455073
2026-01-02 09:41:45,2286.80,200,457360
2026-01-02 09:41:46,2286.80,150,343020
2026-01-02 09:41:47,2286.80,183,418484
2026-01-02 09:41:48,2286.80,179,409337
2026-01-02 09:41:49,2286.80,194,443639
2026-01-02 09:41:50,2286.80,211,482515
2026-01-02 09:41:51,2286.80,205,468794
2026-01-02 09:41:52,2286.80,205,468794
2026-01-02 09:41:53,2286.80,195,445926
2026-01-02 09:41:54,2286.80,182,416198
2026-01-02 09:41:55,2286.80,188,429918
2026-01-02 09:41:56,2286.80,168,384182
2026-01-02 09:41:57,2286.80,205,468794
2026-01-02 09:41:58,2286.80,179,409337
2026-01-02 09:41:59,2286.80,162,370462
2026-01-02 09:42:00,2286.80,197,450500
2026-01-02 09:42:01,2286.80,197,450500
2026-01-02 09:42:02,2286.80,180,411624
2026-01-02 09:42:03,2286.80,174,397903
2026-01-02 09:42:04,2286.80,192,439066
2026-01-02 09:42:05,2286.80,193,441352
2026-01-02 09:42:06,2286.80,194,443639
2026-01-02 09:42:07,2286.80,165,377322
2026-01-02 09:42:08,2286.80,189,432205
2026-01-02 09:42:09,2286.80,181,413911
2026-01-02 09:42:10,2286.80,181,413911
2026-01-02 09:42:11,2286.80,187,427632
2026-01-02 09:42:12,2286.80,194,443639
2026-01-02 09:42:13,2286.80,206,471081
2026-01-02 09:42:14,2286.80,175,400190
2026-01-02 09:42:15,2286.80,203,464220
2026-01-02 09:42:16,2286.80,175,400190
2026-01-02 09:42:17,2286.80,196,448213
2026-01-02 09:42:18,2286.80,178,407050
2026-01-02 09:42:19,2286.80,184,420771
2026-01-02 09:42:20,2286.80,198,452786
2026-01-02 09:42:21,2286.80,166,379609
2026-01-02 09:42:22,2286.80,169,386469
2026-01-02 09:42:23,2286.80,184,420771
2026-01-02 09:42:24,2286.80,196,448213
2026-01-02 09:42:25,2286.80,192,439066
2026-01-02 09:42:26,2286.80,183,418484
2026-01-02 09:42:27,2286.80,186,425345
2026-01-02 09:42:28,2286.80,196,448213
2026-01-02 09:42:29,2286.80,206,471081
2026-01-02 09:42:30,2286.80,180,411624
2026-01-02 09:42:31,2286.80,188,429918
2026-01-02 09:42:32,2286.80,195,445926
2026-01-02 09:42:33,2286.80,194,443639
2026-01-02 09:42:34,2286.80,206,471081
2026-01-02 09:42:35,2286.80,190,434492
2026-01-02 09:42:36,2286.80,166,379609
2026-01-02 09:42:37,2286.80,194,443639
2026-01-02 09:42:38,2286.80,169,386469
2026-01-02 09:42:39,2286.80,195,445926
2026-01-02 09:42:40,2286.80,188,429918
2026-01-02 09:42:41,2286.80,184,420771
2026-01-02 09:42:42,2286.80,209,477941
2026-01-02 09:42:43,2286.80,197,450500
2026-01-02 09:42:44,2286.80,194,443639
2026-01-02 09:42:45,2286.80,196,448213
2026-01-02 09:42:46,2286.80,191,436779
2026-01-02 09:42:47,2286.80,159,363601
2026-01-02 09:42:48,2286.80,210,480228
2026-01-02 09:42:49,2286.80,179,409337
2026-01-02 09:42:50,2286.80,205,468794
2026-01-02 09:42:51,2286.80,168,384182
2026-01-02 09:42:52,2286.80,189,432205
2026-01-02 09:42:53,2286.80,196,448213
2026-01-02 09:42:54,2286.80,169,386469
2026-01-02 09:42:55,2286.80,188,429918
2026-01-02 09:42:56,2286.80,212,484802
2026-01-02 09:42:57,2286.80,174,397903
2026-01-02 09:42:58,2286.80,152,347594
2026-01-02 09:42:59,2286.80,171,391043
2026-01-02 09:43:00,2286.80,171,391043
2026-01-02 09:43:01,2286.80,210,480228
2026-01-02 09:43:02,2286.80,181,413911
2026-01-02 09:43:03,2286.80,181,413911
2026-01-02 09:43:04,2286.80,206,471081
2026-01-02 09:43:05,2286.80,165,377322
2026-01-02 09:43:06,2286.80,184,420771
2026-01-02 09:43:07,2286.80,174,397903
2026-01-02 09:43:08,2286.80,185,423058
2026-01-02 09:43:09,2286.80,208,475654
2026-01-02 09:43:10,2286.80,156,356741
2026-01-02 09:43:11,2286.80,201,459647
2026-01-02 09:43:12,2286.80,185,423058
2026-01-02 09:43:13,2286.80,179,409337
2026-01-02 09:43:14,2286.80,187,427632
2026-01-02 09:43:15,2286.80,217,496236
2026-01-02 09:43:16,2286.80,188,429918
2026-01-02 09:43:17,2286.80,183,418484
2026-01-02 09:43:18,2286.80,157,359028
2026-01-02 09:43:19,2286.80,209,477941
2026-01-02 09:43:20,2286.80,195,445926
2026-01-02 09:43:21,2286.80,197,450500
2026-01-02 09:43:22,2286.80,165,377322
2026-01-02 09:43:23,2286.80,194,443639
2026-01-02 09:43:24,2286.80,190,434492
2026-01-02 09:43:25,2286.80,185,423058
2026-01-02 09:43:26,2286.80,179,409337
2026-01-02 09:43:27,2286.80,193,441352
2026-01-02 09:43:28,2286.80,164,375035
2026-01-02 09:43:29,2286.80,196,448213
2026-01-02 09:43:30,2286.80,190,434492
2026-01-02 09:43:31,2286.80,194,443639
2026-01-02 09:43:32,2286.80,180,411624
2026-01-02 09:43:33,2286.80,220,503096
2026-01-02 09:43:34,2286.80,200,457360
2026-01-02 09:43:35,2286.80,182,416198
2026-01-02 09:43:36,2286.80,204,466507
2026-01-02 09:43:37,2286.80,179,409337
2026-01-02 09:43:38,2286.80,197,450500
2026-01-02 09:43:39,2286.80,186,425345
2026-01-02 09:43:40,2286.80,191,436779
2026-01-02 09:43:41,2286.80,205,468794
2026-01-02 09:43:42,2286.80,198,452786
2026-01-02 09:43:43,2286.80,197,450500
2026-01-02 09:43:44,2286.80,177,404764
2026-01-02 09:43:45,2286.80,164,375035
2026-01-02 09:43:46,2286.80,187,427632
2026-01-02 09:43:47,2286.80,185,423058
2026-01-02 09:43:48,2286.80,182,416198
2026-01-02 09:43:49,2286.80,188,429918
2026-01-02 09:43:50,2286.80,166,379609
2026-01-02 09:43:51,2286.80,162,370462
2026-01-02 09:43:52,2286.80,197,450500
2026-01-02 09:43:53,2286.80,198,452786
2026-01-02 09:43:54,2286.80,177,404764
2026-01-02 09:43:55,2286.80,165,377322
2026-01-02 09:43:56,2286.80,182,416198
2026-01-02 09:43:57,2286.80,193,441352
2026-01-02 09:43:58,2286.80,190,434492
2026-01-02 09:43:59,2286.80,177,404764
2026-01-02 09:44:00,2286.80,200,457360
2026-01-02 09:44:01,2286.80,161,368175
2026-01-02 09:44:02,2286.80,176,402477
2026-01-02 09:44:03,2286.80,175,400190
2026-01-02 09:44:04,2286.80,174,397903
2026-01-02 09:44:05,2286.80,179,409337
2026-01-02 09:44:06,2286.80,198,452786
2026-01-02 09:44:07,2286.80,193,441352
2026-01-02 09:44:08,2286.80,184,420771
2026-01-02 09:44:09,2286.80,214,489375
2026-01-02 09:44:10,2286.80,204,466507
2026-01-02 09:44:11,2286.80,194,443639
2026-01-02 09:44:12,2286.80,173,395616
2026-01-02 09:44:13,2286.80,189,432205
2026-01-02 09:44:14,2286.80,197,450500
2026-01-02 09:44:15,2286.80,182,416198
2026-01-02 09:44:16,2286.80,181,413911
2026-01-02 09:44:17,2286.80,189,432205
2026-01-02 09:44:18,2286.80,201,459647
2026-01-02 09:44:19,2286.80,176,402477
2026-01-02 09:44:20,2286.80,199,455073
2026-01-02 09:44:21,2286.80,198,452786
2026-01-02 09:44:22,2286.80,174,397903
2026-01-02 09:44:23,2286.80,189,432205
2026-01-02 09:44:24,2286.80,203,464220
2026-01-02 09:44:25,2286.80,171,391043
2026-01-02 09:44:26,2286.80,181,413911
2026-01-02 09:44:27,2286.80,191,436779
2026-01-02 09:44:28,2286.80,187,427632
2026-01-02 09:44:29,2286.80,169,386469
2026-01-02 09:44:30,2286.80,184,420771
2026-01-02 09:44:31,2286.80,165,377322
2026-01-02 09:44:32,2286.80,189,432205
2026-01-02 09:44:33,2286.80,198,452786
2026-01-02 09:44:34,2286.80,175,400190
2026-01-02 09:44:35,2286.80,166,379609
2026-01-02 09:44:36,2286.80,197,450500
2026-01-02 09:44:37,2286.80,174,397903
2026-01-02 09:44:38,2286.80,194,443639
2026-01-02 09:44:39,2286.80,184,420771
2026-01-02 09:44:40,2286.80,186,425345
2026-01-02 09:44:41,2286.80,214,489375
2026-01-02 09:44:42,2286.80,177,404764
2026-01-02 09:44:43,2286.80,193,441352
2026-01-02 09:44:44,2286.80,219,500809
2026-01-02 09:44:45,2286.80,160,365888
2026-01-02 09:44:46,2286.80,168,384182
2026-01-02 09:44:47,2286.80,210,480228
2026-01-02 09:44:48,2286.80,172,393330
2026-01-02 09:44:49,2286.80,180,411624
2026-01-02 09:44:50,2286.80,192,439066
2026-01-02 09:44:51,2286.80,167,381896
2026-01-02 09:44:52,2286.80,189,432205
2026-01-02 09:44:53,2286.80,164,375035
2026-01-02 09:44:54,2286.80,190,434492
2026-01-02 09:44:55,2286.80,190,434492
2026-01-02 09:44:56,2286.80,182,416198
2026-01-02 09:44:57,2286.80,187,427632
2026-01-02 09:44:58,2286.80,184,420771
2026-01-02 09:44:59,2286.80,188,429918
2026-01-02 09:45:00,2286.80,184,420771
2026-01-02 09:45:01,2286.80,184,420771
2026-01-02 09:45:02,2286.80,182,416198
2026-01-02 09:45:03,2286.80,187,427632
2026-01-02 09:45:04,2286.80,177,404764
2026-01-02 09:45:05,2286.80,203,464220
2026-01-02 09:45:06,2286.80,177,404764
2026-01-02 09:45:07,2286.80,177,404764
2026-01-02 09:45:08,2286.80,175,400190
2026-01-02 09:45:09,2286.80,187,427632
2026-01-02 09:45:10,2286.80,195,445926
2026-01-02 09:45:11,2286.80,188,429918
2026-01-02 09:45:12,2286.80,170,388756
2026-01-02 09:45:13,2286.80,173,395616
2026-01-02 09:45:14,2286.80,184,420771
2026-01-02 09:45:15,2286.80,183,418484
2026-01-02 09:45:16,2286.80,182,416198
2026-01-02 09:45:17,2286.80,194,443639
2026-01-02 09:45:18,2286.80,180,411624
2026-01-02 09:45:19,2286.80,176,402477
2026-01-02 09:45:20,2286.80,194,443639
2026-01-02 09:45:21,2286.80,170,388756
2026-01-02 09:45:22,2286.80,178,407050
2026-01-02 09:45:23,2286.80,178,407050
2026-01-02 09:45:24,2286.80,195,445926
2026-01-02 09:45:25,2286.80,179,409337
2026-01-02 09:45:26,2286.80,179,409337
2026-01-02 09:45:27,2286.80,170,388756
2026-01-02 09:45:28,2286.80,164,375035
2026-01-02 09:45:29,2286.80,181,413911
2026-01-02 09:45:30,2286.80,173,395616
2026-01-02 09:45:31,2286.80,205,468794
2026-01-02 09:45:32,2286.80,196,448213
2026-01-02 09:45:33,2286.80,168,384182
2026-01-02 09:45:34,2286.80,190,434492
2026-01-02 09:45:35,2286.80,210,480228
2026-01-02 09:45:36,2286.80,175,400190
2026-01-02 09:45:37,2286.80,188,429918
2026-01-02 09:45:38,2286.80,181,413911
2026-01-02 09:45:39,2286.80,192,439066
2026-01-02 09:45:40,2286.80,190,434492
2026-01-02 09:45:41,2286.80,189,432205
2026-01-02 09:45:42,2286.80,201,459647
2026-01-02 09:45:43,2286.80,170,388756
2026-01-02 09:45:44,2286.80,184,420771
2026-01-02 09:45:45,2286.80,170,388756
2026-01-02 09:45:46,2286.80,172,393330
2026-01-02 09:45:47,2286.80,184,420771
2026-01-02 09:45:48,2286.80,176,402477
2026-01-02 09:45:49,2286.80,169,386469
2026-01-02 09:45:50,2286.80,178,407050
2026-01-02 09:45:51,2286.80,193,441352
2026-01-02 09:45:52,2286.80,189,432205
2026-01-02 09:45:53,2286.80,160,365888
2026-01-02 09:45:54,2286.80,180,411624
2026-01-02 09:45:55,2286.80,169,386469
2026-01-02 09:45:56,2286.80,172,393330
2026-01-02 09:45:57,2286.80,186,425345
2026-01-02 09:45:58,2286.80,159,363601
2026-01-02 09:45:59,2286.80,201,459647
2026-01-02 09:46:00,2286.80,207,473368
2026-01-02 09:46:01,2286.80,175,400190
2026-01-02 09:46:02,2286.80,181,413911
2026-01-02 09:46:03,2286.80,186,425345
2026-01-02 09:46:04,2286.80,186,425345
2026-01-02 09:46:05,2286.80,193,441352
2026-01-02 09:46:06,2286.80,155,354454
2026-01-02 09:46:07,2286.80,179,409337
2026-01-02 09:46:08,2286.80,163,372748
2026-01-02 09:46:09,2286.80,214,489375
2026-01-02 09:46:10,2286.80,216,493949
2026-01-02 09:46:11,2286.80,156,356741
2026-01-02 09:46:12,2286.80,177,404764
2026-01-02 09:46:13,2286.80,177,404764
2026-01-02 09:46:14,2286.80,182,416198
2026-01-02 09:46:15,2286.80,158,361314
2026-01-02 09:46:16,2286.80,184,420771
2026-01-02 09:46:17,2286.80,175,400190
2026-01-02 09:46:18,2286.80,162,370462
2026-01-02 09:46:19,2286.80,195,445926
2026-01-02 09:46:20,2286.80,193,441352
2026-01-02 09:46:21,2286.80,173,395616
2026-01-02 09:46:22,2286.80,185,423058
2026-01-02 09:46:23,2286.80,194,443639
2026-01-02 09:46:24,2286.80,183,418484
2026-01-02 09:46:25,2286.80,163,372748
2026-01-02 09:46:26,2286.80,186,425345
2026-01-02 09:46:27,2286.80,198,452786
2026-01-02 09:46:28,2286.80,201,459647
2026-01-02 09:46:29,2286.80,190,434492
2026-01-02 09:46:30,2286.80,164,375035
2026-01-02 09:46:31,2286.80,178,407050
2026-01-02 09:46:32,2286.80,177,404764
2026-01-02 09:46:33,2286.80,193,441352
2026-01-02 09:46:34,2286.80,157,359028
2026-01-02 09:46:35,2286.80,181,413911
2026-01-02 09:46:36,2286.80,167,381896
2026-01-02 09:46:37,2286.80,177,404764
2026-01-02 09:46:38,2286.80,174,397903
2026-01-02 09:46:39,2286.80,193,441352
2026-01-02 09:46:40,2286.80,174,397903
2026-01-02 09:46:41,2286.80,174,397903
2026-01-02 09:46:42,2286.80,199,455073
2026-01-02 09:46:43,2286.80,167,381896
2026-01-02 09:46:44,2286.80,185,423058
2026-01-02 09:46:45,2286.80,169,386469
2026-01-02 09:46:46,2286.80,190,434492
2026-01-02 09:46:47,2286.80,179,409337
2026-01-02 09:46:48,2286.80,197,450500
2026-01-02 09:46:49,2286.80,177,404764
2026-01-02 09:46:50,2286.80,181,413911
2026-01-02 09:46:51,2286.80,165,377322
2026-01-02 09:46:52,2286.80,183,418484
2026-01-02 09:46:53,2286.80,174,397903
2026-01-02 09:46:54,2286.80,206,471081
2026-01-02 09:46:55,2286.80,170,388756
2026-01-02 09:46:56,2286.80,192,439066
2026-01-02 09:46:57,2286.80,187,427632
2026-01-02 09:46:58,2286.80,176,402477
2026-01-02 09:46:59,2286.80,163,372748
2026-01-02 09:47:00,2286.80,142,324726
2026-01-02 09:47:01,2286.80,148,338446
2026-01-02 09:47:02,2286.80,169,386469
2026-01-02 09:47:03,2286.80,188,429918
2026-01-02 09:47:04,2286.80,158,361314
2026-01-02 09:47:05,2286.80,190,434492
2026-01-02 09:47:06,2286.80,160,365888
2026-01-02 09:47:07,2286.80,191,436779
2026-01-02 09:47:08,2286.80,175,400190
2026-01-02 09:47:09,2286.80,189,432205
2026-01-02 09:47:10,2286.80,180,411624
2026-01-02 09:47:11,2286.80,150,343020
2026-01-02 09:47:12,2286.80,189,432205
2026-01-02 09:47:13,2286.80,183,418484
2026-01-02 09:47:14,2286.80,167,381896
2026-01-02 09:47:15,2286.80,170,388756
2026-01-02 09:47:16,2286.80,165,377322
2026-01-02 09:47:17,2286.80,177,404764
2026-01-02 09:47:18,2286.80,196,448213
2026-01-02 09:47:19,2286.80,167,381896
2026-01-02 09:47:20,2286.80,183,418484
2026-01-02 09:47:21,2286.80,210,480228
2026-01-02 09:47:22,2286.80,169,386469
2026-01-02 09:47:23,2286.80,180,411624
2026-01-02 09:47:24,2286.80,184,420771
2026-01-02 09:47:25,2286.80,161,368175
2026-01-02 09:47:26,2286.80,166,379609
2026-01-02 09:47:27,2286.80,155,354454
2026-01-02 09:47:28,2286.80,198,452786
2026-01-02 09:47:29,2286.80,160,365888
2026-01-02 09:47:30,2286.80,169,386469
2026-01-02 09:47:31,2286.80,190,434492
2026-01-02 09:47:32,2286.80,166,379609
2026-01-02 09:47:33,2286.80,181,413911
2026-01-02 09:47:34,2286.80,187,427632
2026-01-02 09:47:35,2286.80,183,418484
2026-01-02 09:47:36,2286.80,156,356741
2026-01-02 09:47:37,2286.80,179,409337
2026-01-02 09:47:38,2286.80,173,395616
2026-01-02 09:47:39,2286.80,180,411624
2026-01-02 09:47:40,2286.80,198,452786
2026-01-02 09:47:41,2286.80,154,352167
2026-01-02 09:47:42,2286.80,191,436779
2026-01-02 09:47:43,2286.80,172,393330
2026-01-02 09:47:44,2286.80,189,432205
2026-01-02 09:47:45,2286.80,184,420771
2026-01-02 09:47:46,2286.80,168,384182
2026-01-02 09:47:47,2286.80,203,464220
2026-01-02 09:47:48,2286.80,175,400190
2026-01-02 09:47:49,2286.80,146,333873
2026-01-02 09:47:50,2286.80,184,420771
2026-01-02 09:47:51,2286.80,166,379609
2026-01-02 09:47:52,2286.80,167,381896
2026-01-02 09:47:53,2286.80,188,429918
2026-01-02 09:47:54,2286.80,187,427632
2026-01-02 09:47:55,2286.80,172,393330
2026-01-02 09:47:56,2286.80,185,423058
2026-01-02 09:47:57,2286.80,164,375035
2026-01-02 09:47:58,2286.80,170,388756
2026-01-02 09:47:59,2286.80,188,429918
2026-01-02 09:48:00,2286.80,181,413911
2026-01-02 09:48:01,2286.80,168,384182
2026-01-02 09:48:02,2286.80,201,459647
2026-01-02 09:48:03,2286.80,142,324726
2026-01-02 09:48:04,2286.80,166,379609
2026-01-02 09:48:05,2286.80,161,368175
2026-01-02 09:48:06,2286.80,166,379609
2026-01-02 09:48:07,2286.80,156,356741
2026-01-02 09:48:08,2286.80,155,354454
2026-01-02 09:48:09,2286.80,172,393330
2026-01-02 09:48:10,2286.80,168,384182
2026-01-02 09:48:11,2286.80,201,459647
2026-01-02 09:48:12,2286.80,191,436779
2026-01-02 09:48:13,2286.80,173,395616
2026-01-02 09:48:14,2286.80,171,391043
2026-01-02 09:48:15,2286.80,172,393330
2026-01-02 09:48:16,2286.80,170,388756
2026-01-02 09:48:17,2286.80,173,395616
2026-01-02 09:48:18,2286.80,184,420771
2026-01-02 09:48:19,2286.80,169,386469
2026-01-02 09:48:20,2286.80,189,432205
2026-01-02 09:48:21,2286.80,181,413911
2026-01-02 09:48:22,2286.80,178,407050
2026-01-02 09:48:23,2286.80,209,477941
2026-01-02 09:48:24,2286.80,180,411624
2026-01-02 09:48:25,2286.80,158,361314
2026-01-02 09:48:26,2286.80,178,407050
2026-01-02 09:48:27,2286.80,192,439066
2026-01-02 09:48:28,2286.80,187,427632
2026-01-02 09:48:29,2286.80,161,368175
2026-01-02 09:48:30,2286.80,186,425345
2026-01-02 09:48:31,2286.80,198,452786
2026-01-02 09:48:32,2286.80,174,397903
2026-01-02 09:48:33,2286.80,142,324726
2026-01-02 09:48:34,2286.80,173,395616
2026-01-02 09:48:35,2286.80,186,425345
2026-01-02 09:48:36,2286.80,171,391043
2026-01-02 09:48:37,2286.80,174,397903
2026-01-02 09:48:38,2286.80,186,425345
2026-01-02 09:48:39,2286.80,185,423058
2026-01-02 09:48:40,2286.80,151,345307
2026-01-02 09:48:41,2286.80,183,418484
2026-01-02 09:48:42,2286.80,175,400190
2026-01-02 09:48:43,2286.80,177,404764
2026-01-02 09:48:44,2286.80,192,439066
2026-01-02 09:48:45,2286.80,190,434492
2026-01-02 09:48:46,2286.80,161,368175
2026-01-02 09:48:47,2286.80,181,413911
2026-01-02 09:48:48,2286.80,168,384182
2026-01-02 09:48:49,2286.80,159,363601
2026-01-02 09:48:50,2286.80,153,349880
2026-01-02 09:48:51,2286.80,187,427632
2026-01-02 09:48:52,2286.80,172,393330
2026-01-02 09:48:53,2286.80,185,423058
2026-01-02 09:48:54,2286.80,142,324726
2026-01-02 09:48:55,2286.80,170,388756
2026-01-02 09:48:56,2286.80,181,413911
2026-01-02 09:48:57,2286.80,179,409337
2026-01-02 09:48:58,2286.80,157,359028
2026-01-02 09:48:59,2286.80,179,409337
2026-01-02 09:49:00,2286.80,177,404764
2026-01-02 09:49:01,2286.80,179,409337
2026-01-02 09:49:02,2286.80,178,407050
2026-01-02 09:49:03,2286.80,176,402477
2026-01-02 09:49:04,2286.80,160,365888
2026-01-02 09:49:05,2286.80,162,370462
2026-01-02 09:49:06,2286.80,168,384182
2026-01-02 09:49:07,2286.80,171,391043
2026-01-02 09:49:08,2286.80,186,425345
2026-01-02 09:49:09,2286.80,157,359028
2026-01-02 09:49:10,2286.80,155,354454
2026-01-02 09:49:11,2286.80,185,423058
2026-01-02 09:49:12,2286.80,153,349880
2026-01-02 09:49:13,2286.80,181,413911
2026-01-02 09:49:14,2286.80,200,457360
2026-01-02 09:49:15,2286.80,184,420771
2026-01-02 09:49:16,2286.80,177,404764
2026-01-02 09:49:17,2286.80,169,386469
2026-01-02 09:49:18,2286.80,167,381896
2026-01-02 09:49:19,2286.80,190,434492
2026-01-02 09:49:20,2286.80,160,365888
2026-01-02 09:49:21,2286.80,175,400190
2026-01-02 09:49:22,2286.80,196,448213
2026-01-02 09:49:23,2286.80,188,429918
2026-01-02 09:49:24,2286.80,177,404764
2026-01-02 09:49:25,2286.80,155,354454
2026-01-02 09:49:26,2286.80,172,393330
2026-01-02 09:49:27,2286.80,159,363601
2026-01-02 09:49:28,2286.80,166,379609
2026-01-02 09:49:29,2286.80,175,400190
2026-01-02 09:49:30,2286.80,180,411624
2026-01-02 09:49:31,2286.80,173,395616
2026-01-02 09:49:32,2286.80,166,379609
2026-01-02 09:49:33,2286.80,179,409337
2026-01-02 09:49:34,2286.80,183,418484
2026-01-02 09:49:35,2286.80,191,436779
2026-01-02 09:49:36,2286.80,193,441352
2026-01-02 09:49:37,2286.80,178,407050
2026-01-02 09:49:38,2286.80,168,384182
2026-01-02 09:49:39,2286.80,179,409337
2026-01-02 09:49:40,2286.80,182,416198
2026-01-02 09:49:41,2286.80,165,377322
2026-01-02 09:49:42,2286.80,172,393330
2026-01-02 09:49:43,2286.80,175,400190
2026-01-02 09:49:44,2286.80,167,381896
2026-01-02 09:49:45,2286.80,170,388756
2026-01-02 09:49:46,2286.80,165,377322
2026-01-02 09:49:47,2286.80,155,354454
2026-01-02 09:49:48,2286.80,194,443639
2026-01-02 09:49:49,2286.80,144,329299
2026-01-02 09:49:50,2286.80,145,331586
2026-01-02 09:49:51,2286.80,154,352167
2026-01-02 09:49:52,2286.80,181,413911
2026-01-02 09:49:53,2286.80,181,413911
2026-01-02 09:49:54,2286.80,173,395616
2026-01-02 09:49:55,2286.80,174,397903
2026-01-02 09:49:56,2286.80,188,429918
2026-01-02 09:49:57,2286.80,164,375035
2026-01-02 09:49:58,2286.80,175,400190
2026-01-02 09:49:59,2286.80,167,381896
2026-01-02 09:50:00,2286.80,190,434492
2026-01-02 09:50:01,2286.80,161,368175
2026-01-02 09:50:02,2286.80,193,441352
2026-01-02 09:50:03,2286.80,177,404764
2026-01-02 09:50:04,2286.80,181,413911
2026-01-02 09:50:05,2286.80,179,409337
2026-01-02 09:50:06,2286.80,159,363601
2026-01-02 09:50:07,2286.80,179,409337
2026-01-02 09:50:08,2286.80,180,411624
2026-01-02 09:50:09,2286.80,171,391043
2026-01-02 09:50:10,2286.80,193,441352
2026-01-02 09:50:11,2286.80,148,338446
2026-01-02 09:50:12,2286.80,142,324726
2026-01-02 09:50:13,2286.80,163,372748
2026-01-02 09:50:14,2286.80,184,420771
2026-01-02 09:50:15,2286.80,148,338446
2026-01-02 09:50:16,2286.80,165,377322
2026-01-02 09:50:17,2286.80,151,345307
2026-01-02 09:50:18,2286.80,193,441352
2026-01-02 09:50:19,2286.80,169,386469
2026-01-02 09:50:20,2286.80,175,400190
2026-01-02 09:50:21,2286.80,166,379609
2026-01-02 09:50:22,2286.80,164,375035
2026-01-02 09:50:23,2286.80,174,397903
2026-01-02 09:50:24,2286.80,165,377322
2026-01-02 09:50:25,2286.80,173,395616
2026-01-02 09:50:26,2286.80,159,363601
2026-01-02 09:50:27,2286.80,147,336160
2026-01-02 09:50:28,2286.80,192,439066
2026-01-02 09:50:29,2286.80,183,418484
2026-01-02 09:50:30,2286.80,160,365888
2026-01-02 09:50:31,2286.80,180,411624
2026-01-02 09:50:32,2286.80,167,381896
2026-01-02 09:50:33,2286.80,173,395616
2026-01-02 09:50:34,2286.80,171,391043
2026-01-02 09:50:35,2286.80,162,370462
2026-01-02 09:50:36,2286.80,156,356741
2026-01-02 09:50:37,2286.80,147,336160
2026-01-02 09:50:38,2286.80,171,391043
2026-01-02 09:50:39,2286.80,178,407050
2026-01-02 09:50:40,2286.80,159,363601
2026-01-02 09:50:41,2286.80,155,354454
2026-01-02 09:50:42,2286.80,193,441352
2026-01-02 09:50:43,2286.80,167,381896
2026-01-02 09:50:44,2286.80,190,434492
2026-01-02 09:50:45,2286.80,174,397903
2026-01-02 09:50:46,2286.80,143,327012
2026-01-02 09:50:47,2286.80,175,400190
2026-01-02 09:50:48,2286.80,172,393330
2026-01-02 09:50:49,2286.80,175,400190
2026-01-02 09:50:50,2286.80,162,370462
2026-01-02 09:50:51,2286.80,173,395616
2026-01-02 09:50:52,2286.80,160,365888
2026-01-02 09:50:53,2286.80,179,409337
2026-01-02 09:50:54,2286.80,154,352167
2026-01-02 09:50:55,2286.80,156,356741
2026-01-02 09:50:56,2286.80,146,333873
2026-01-02 09:50:57,2286.80,180,411624
2026-01-02 09:50:58,2286.80,169,386469
2026-01-02 09:50:59,2286.80,155,354454
2026-01-02 09:51:00,2286.80,160,365888
2026-01-02 09:51:01,2286.80,187,427632
2026-01-02 09:51:02,2286.80,179,409337
2026-01-02 09:51:03,2286.80,155,354454
2026-01-02 09:51:04,2286.80,179,409337
2026-01-02 09:51:05,2286.80,175,400190
2026-01-02 09:51:06,2286.80,186,425345
2026-01-02 09:51:07,2286.80,172,393330
2026-01-02 09:51:08,2286.80,183,418484
2026-01-02 09:51:09,2286.80,204,466507
2026-01-02 09:51:10,2286.80,162,370462
2026-01-02 09:51:11,2286.80,155,354454
2026-01-02 09:51:12,2286.80,181,413911
2026-01-02 09:51:13,2286.80,146,333873
2026-01-02 09:51:14,2286.80,178,407050
2026-01-02 09:51:15,2286.80,152,347594
2026-01-02 09:51:16,2286.80,176,402477
2026-01-02 09:51:17,2286.80,179,409337
2026-01-02 09:51:18,2286.80,183,418484
2026-01-02 09:51:19,2286.80,160,365888
2026-01-02 09:51:20,2286.80,195,445926
2026-01-02 09:51:21,2286.80,165,377322
2026-01-02 09:51:22,2286.80,154,352167
2026-01-02 09:51:23,2286.80,195,445926
2026-01-02 09:51:24,2286.80,184,420771
2026-01-02 09:51:25,2286.80,173,395616
2026-01-02 09:51:26,2286.80,183,418484
2026-01-02 09:51:27,2286.80,171,391043
2026-01-02 09:51:28,2286.80,164,375035
2026-01-02 09:51:29,2286.80,174,397903
2026-01-02 09:51:30,2286.80,157,359028
2026-01-02 09:51:31,2286.80,171,391043
2026-01-02 09:51:32,2286.80,145,331586
2026-01-02 09:51:33,2286.80,168,384182
2026-01-02 09:51:34,2286.80,170,388756
2026-01-02 09:51:35,2286.80,146,333873
2026-01-02 09:51:36,2286.80,180,411624
2026-01-02 09:51:37,2286.80,150,343020
2026-01-02 09:51:38,2286.80,184,420771
2026-01-02 09:51:39,2286.80,188,429918
2026-01-02 09:51:40,2286.80,169,386469
2026-01-02 09:51:41,2286.80,165,377322
2026-01-02 09:51:42,2286.80,172,393330
2026-01-02 09:51:43,2286.80,167,381896
2026-01-02 09:51:44,2286.80,176,402477
2026-01-02 09:51:45,2286.80,153,349880
2026-01-02 09:51:46,2286.80,154,352167
2026-01-02 09:51:47,2286.80,148,338446
2026-01-02 09:51:48,2286.80,167,381896
2026-01-02 09:51:49,2286.80,171,391043
2026-01-02 09:51:50,2286.80,165,377322
2026-01-02 09:51:51,2286.80,171,391043
2026-01-02 09:51:52,2286.80,188,429918
2026-01-02 09:51:53,2286.80,164,375035
2026-01-02 09:51:54,2286.80,171,391043
2026-01-02 09:51:55,2286.80,173,395616
2026-01-02 09:51:56,2286.80,155,354454
2026-01-02 09:51:57,2286.80,158,361314
2026-01-02 09:51:58,2286.80,153,349880
2026-01-02 09:51:59,2286.80,154,352167
2026-01-02 09:52:00,2286.80,180,411624
2026-01-02 09:52:01,2286.80,176,402477
2026-01-02 09:52:02,2286.80,154,352167
2026-01-02 09:52:03,2286.80,166,379609
2026-01-02 09:52:04,2286.80,168,384182
2026-01-02 09:52:05,2286.80,163,372748
2026-01-02 09:52:06,2286.80,160,365888
2026-01-02 09:52:07,2286.80,173,395616
2026-01-02 09:52:08,2286.80,176,402477
2026-01-02 09:52:09,2286.80,199,455073
2026-01-02 09:52:10,2286.80,164,375035
2026-01-02 09:52:11,2286.80,161,368175
2026-01-02 09:52:12,2286.80,187,427632
2026-01-02 09:52:13,2286.80,176,402477
2026-01-02 09:52:14,2286.80,152,347594
2026-01-02 09:52:15,2286.80,154,352167
2026-01-02 09:52:16,2286.80,169,386469
2026-01-02 09:52:17,2286.80,180,411624
2026-01-02 09:52:18,2286.80,151,345307
2026-01-02 09:52:19,2286.80,169,386469
2026-01-02 09:52:20,2286.80,172,393330
2026-01-02 09:52:21,2286.80,151,345307
2026-01-02 09:52:22,2286.80,191,436779
2026-01-02 09:52:23,2286.80,179,409337
2026-01-02 09:52:24,2286.80,182,416198
2026-01-02 09:52:25,2286.80,157,359028
2026-01-02 09:52:26,2286.80,175,400190
2026-01-02 09:52:27,2286.80,167,381896
2026-01-02 09:52:28,2286.80,174,397903
2026-01-02 09:52:29,2286.80,164,375035
2026-01-02 09:52:30,2286.80,182,416198
2026-01-02 09:52:31,2286.80,182,416198
2026-01-02 09:52:32,2286.80,175,400190
2026-01-02 09:52:33,2286.80,174,397903
2026-01-02 09:52:34,2286.80,163,372748
2026-01-02 09:52:35,2286.80,178,407050
2026-01-02 09:52:36,2286.80,163,372748
2026-01-02 09:52:37,2286.80,150,343020
2026-01-02 09:52:38,2286.80,128,292710
2026-01-02 09:52:39,2286.80,185,423058
2026-01-02 09:52:40,2286.80,165,377322
2026-01-02 09:52:41,2286.80,169,386469
2026-01-02 09:52:42,2286.80,155,354454
2026-01-02 09:52:43,2286.80,171,391043
2026-01-02 09:52:44,2286.80,178,407050
2026-01-02 09:52:45,2286.80,157,359028
2026-01-02 09:52:46,2286.80,173,395616
2026-01-02 09:52:47,2286.80,166,379609
2026-01-02 09:52:48,2286.80,161,368175
2026-01-02 09:52:49,2286.80,163,372748
2026-01-02 09:52:50,2286.80,177,404764
2026-01-02 09:52:51,2286.80,148,338446
2026-01-02 09:52:52,2286.80,170,388756
2026-01-02 09:52:53,2286.80,185,423058
2026-01-02 09:52:54,2286.80,157,359028
2026-01-02 09:52:55,2286.80,163,372748
2026-01-02 09:52:56,2286.80,153,349880
2026-01-02 09:52:57,2286.80,153,349880
2026-01-02 09:52:58,2286.80,171,391043
2026-01-02 09:52:59,2286.80,188,429918
2026-01-02 09:53:00,2286.80,155,354454
2026-01-02 09:53:01,2286.80,169,386469
2026-01-02 09:53:02,2286.80,145,331586
2026-01-02 09:53:03,2286.80,180,411624
2026-01-02 09:53:04,2286.80,174,397903
2026-01-02 09:53:05,2286.80,169,386469
2026-01-02 09:53:06,2286.80,166,379609
2026-01-02 09:53:07,2286.80,162,370462
2026-01-02 09:53:08,2286.80,143,327012
2026-01-02 09:53:09,2286.80,170,388756
2026-01-02 09:53:10,2286.80,158,361314
2026-01-02 09:53:11,2286.80,162,370462
2026-01-02 09:53:12,2286.80,175,400190
2026-01-02 09:53:13,2286.80,169,386469
2026-01-02 09:53:14,2286.80,184,420771
2026-01-02 09:53:15,2286.80,184,420771
2026-01-02 09:53:16,2286.80,147,336160
2026-01-02 09:53:17,2286.80,166,379609
2026-01-02 09:53:18,2286.80,183,418484
2026-01-02 09:53:19,2286.80,179,409337
2026-01-02 09:53:20,2286.80,164,375035
2026-01-02 09:53:21,2286.80,169,386469
2026-01-02 09:53:22,2286.80,175,400190
2026-01-02 09:53:23,2286.80,161,368175
2026-01-02 09:53:24,2286.80,160,365888
2026-01-02 09:53:25,2286.80,156,356741
2026-01-02 09:53:26,2286.80,183,418484
2026-01-02 09:53:27,2286.80,174,397903
2026-01-02 09:53:28,2286.80,169,386469
2026-01-02 09:53:29,2286.80,171,391043
2026-01-02 09:53:30,2286.80,156,356741
2026-01-02 09:53:31,2286.80,185,423058
2026-01-02 09:53:32,2286.80,164,375035
2026-01-02 09:53:33,2286.80,156,356741
2026-01-02 09:53:34,2286.80,132,301858
2026-01-02 09:53:35,2286.80,173,395616
2026-01-02 09:53:36,2286.80,169,386469
2026-01-02 09:53:37,2286.80,157,359028
2026-01-02 09:53:38,2286.80,153,349880
2026-01-02 09:53:39,2286.80,163,372748
2026-01-02 09:53:40,2286.80,159,363601
2026-01-02 09:53:41,2286.80,163,372748
2026-01-02 09:53:42,2286.80,179,409337
2026-01-02 09:53:43,2286.80,176,402477
2026-01-02 09:53:44,2286.80,162,370462
2026-01-02 09:53:45,2286.80,187,427632
2026-01-02 09:53:46,2286.80,153,349880
2026-01-02 09:53:47,2286.80,177,404764
2026-01-02 09:53:48,2286.80,172,393330
2026-01-02 09:53:49,2286.80,176,402477
2026-01-02 09:53:50,2286.80,169,386469
2026-01-02 09:53:51,2286.80,148,338446
2026-01-02 09:53:52,2286.80,177,404764
2026-01-02 09:53:53,2286.80,172,393330
2026-01-02 09:53:54,2286.80,156,356741
2026-01-02 09:53:55,2286.80,176,402477
2026-01-02 09:53:56,2286.80,166,379609
2026-01-02 09:53:57,2286.80,163,372748
2026-01-02 09:53:58,2286.80,179,409337
2026-01-02 09:53:59,2286.80,191,436779
2026-01-02 09:54:00,2286.80,195,445926
2026-01-02 09:54:01,2286.80,179,409337
2026-01-02 09:54:02,2286.80,179,409337
2026-01-02 09:54:03,2286.80,163,372748
2026-01-02 09:54:04,2286.80,183,418484
2026-01-02 09:54:05,2286.80,169,386469
2026-01-02 09:54:06,2286.80,175,400190
2026-01-02 09:54:07,2286.80,163,372748
2026-01-02 09:54:08,2286.80,168,384182
2026-01-02 09:54:09,2286.80,167,381896
2026-01-02 09:54:10,2286.80,148,338446
2026-01-02 09:54:11,2286.80,175,400190
2026-01-02 09:54:12,2286.80,186,425345
2026-01-02 09:54:13,2286.80,164,375035
2026-01-02 09:54:14,2286.80,182,416198
2026-01-02 09:54:15,2286.80,189,432205
2026-01-02 09:54:16,2286.80,188,429918
2026-01-02 09:54:17,2286.80,175,400190
2026-01-02 09:54:18,2286.80,171,391043
2026-01-02 09:54:19,2286.80,186,425345
2026-01-02 09:54:20,2286.80,163,372748
2026-01-02 09:54:21,2286.80,148,338446
2026-01-02 09:54:22,2286.80,173,395616
2026-01-02 09:54:23,2286.80,144,329299
2026-01-02 09:54:24,2286.80,158,361314
2026-01-02 09:54:25,2286.80,174,397903
2026-01-02 09:54:26,2286.80,184,420771
2026-01-02 09:54:27,2286.80,153,349880
2026-01-02 09:54:28,2286.80,170,388756
2026-01-02 09:54:29,2286.80,162,370462
2026-01-02 09:54:30,2286.80,161,368175
2026-01-02 09:54:31,2286.80,173,395616
2026-01-02 09:54:32,2286.80,170,388756
2026-01-02 09:54:33,2286.80,163,372748
2026-01-02 09:54:34,2286.80,196,448213
2026-01-02 09:54:35,2286.80,150,343020
2026-01-02 09:54:36,2286.80,147,336160
2026-01-02 09:54:37,2286.80,157,359028
2026-01-02 09:54:38,2286.80,164,375035
2026-01-02 09:54:39,2286.80,177,404764
2026-01-02 09:54:40,2286.80,159,363601
2026-01-02 09:54:41,2286.80,152,347594
2026-01-02 09:54:42,2286.80,165,377322
2026-01-02 09:54:43,2286.80,171,391043
2026-01-02 09:54:44,2286.80,161,368175
2026-01-02 09:54:45,2286.80,155,354454
2026-01-02 09:54:46,2286.80,166,379609
2026-01-02 09:54:47,2286.80,158,361314
2026-01-02 09:54:48,2286.80,136,311005
2026-01-02 09:54:49,2286.80,159,363601
2026-01-02 09:54:50,2286.80,158,361314
2026-01-02 09:54:51,2286.80,171,391043
2026-01-02 09:54:52,2286.80,186,425345
2026-01-02 09:54:53,2286.80,156,356741
2026-01-02 09:54:54,2286.80,169,386469
2026-01-02 09:54:55,2286.80,158,361314
2026-01-02 09:54:56,2286.80,146,333873
2026-01-02 09:54:57,2286.80,161,368175
2026-01-02 09:54:58,2286.80,178,407050
2026-01-02 09:54:59,2286.80,134,306431
2026-01-02 09:55:00,2286.80,172,393330
2026-01-02 09:55:01,2286.80,167,381896
2026-01-02 09:55:02,2286.80,150,343020
2026-01-02 09:55:03,2286.80,182,416198
2026-01-02 09:55:04,2286.80,162,370462
2026-01-02 09:55:05,2286.80,163,372748
2026-01-02 09:55:06,2286.80,186,425345
2026-01-02 09:55:07,2286.80,178,407050
2026-01-02 09:55:08,2286.80,155,354454
2026-01-02 09:55:09,2286.80,170,388756
2026-01-02 09:55:10,2286.80,150,343020
2026-01-02 09:55:11,2286.80,173,395616
2026-01-02 09:55:12,2286.80,166,379609
2026-01-02 09:55:13,2286.80,159,363601
2026-01-02 09:55:14,2286.80,175,400190
2026-01-02 09:55:15,2286.80,172,393330
2026-01-02 09:55:16,2286.80,166,379609
2026-01-02 09:55:17,2286.80,156,356741
2026-01-02 09:55:18,2286.80,156,356741
2026-01-02 09:55:19,2286.80,173,395616
2026-01-02 09:55:20,2286.80,161,368175
2026-01-02 09:55:21,2286.80,160,365888
2026-01-02 09:55:22,2286.80,175,400190
2026-01-02 09:55:23,2286.80,162,370462
2026-01-02 09:55:24,2286.80,170,388756
2026-01-02 09:55:25,2286.80,161,368175
2026-01-02 09:55:26,2286.80,157,359028
2026-01-02 09:55:27,2286.80,148,338446
2026-01-02 09:55:28,2286.80,163,372748
2026-01-02 09:55:29,2286.80,165,377322
2026-01-02 09:55:30,2286.80,148,338446
2026-01-02 09:55:31,2286.80,162,370462
2026-01-02 09:55:32,2286.80,151,345307
2026-01-02 09:55:33,2286.80,152,347594
2026-01-02 09:55:34,2286.80,138,315578
2026-01-02 09:55:35,2286.80,144,329299
2026-01-02 09:55:36,2286.80,167,381896
2026-01-02 09:55:37,2286.80,159,363601
2026-01-02 09:55:38,2286.80,153,349880
2026-01-02 09:55:39,2286.80,148,338446
2026-01-02 09:55:40,2286.80,198,452786
2026-01-02 09:55:41,2286.80,151,345307
2026-01-02 09:55:42,2286.80,179,409337
2026-01-02 09:55:43,2286.80,152,347594
2026-01-02 09:55:44,2286.80,163,372748
2026-01-02 09:55:45,2286.80,176,402477
2026-01-02 09:55:46,2286.80,144,329299
2026-01-02 09:55:47,2286.80,180,411624
2026-01-02 09:55:48,2286.80,165,377322
2026-01-02 09:55:49,2286.80,157,359028
2026-01-02 09:55:50,2286.80,167,381896
2026-01-02 09:55:51,2286.80,145,331586
2026-01-02 09:55:52,2286.80,174,397903
2026-01-02 09:55:53,2286.80,148,338446
2026-01-02 09:55:54,2286.80,160,365888
2026-01-02 09:55:55,2286.80,140,320152
2026-01-02 09:55:56,2286.80,160,365888
2026-01-02 09:55:57,2286.80,154,352167
2026-01-02 09:55:58,2286.80,181,413911
2026-01-02 09:55:59,2286.80,172,393330
2026-01-02 09:56:00,2286.80,165,377322
2026-01-02 09:56:01,2286.80,162,370462
2026-01-02 09:56:02,2286.80,153,349880
2026-01-02 09:56:03,2286.80,169,386469
2026-01-02 09:56:04,2286.80,168,384182
2026-01-02 09:56:05,2286.80,178,407050
2026-01-02 09:56:06,2286.80,145,331586
2026-01-02 09:56:07,2286.80,169,386469
2026-01-02 09:56:08,2286.80,175,400190
2026-01-02 09:56:09,2286.80,165,377322
2026-01-02 09:56:10,2286.80,165,377322
2026-01-02 09:56:11,2286.80,162,370462
2026-01-02 09:56:12,2286.80,157,359028
2026-01-02 09:56:13,2286.80,157,359028
2026-01-02 09:56:14,2286.80,175,400190
2026-01-02 09:56:15,2286.80,157,359028
2026-01-02 09:56:16,2286.80,160,365888
2026-01-02 09:56:17,2286.80,169,386469
2026-01-02 09:56:18,2286.80,147,336160
2026-01-02 09:56:19,2286.80,161,368175
2026-01-02 09:56:20,2286.80,159,363601
2026-01-02 09:56:21,2286.80,146,333873
2026-01-02 09:56:22,2286.80,179,409337
2026-01-02 09:56:23,2286.80,182,416198
2026-01-02 09:56:24,2286.80,151,345307
2026-01-02 09:56:25,2286.80,169,386469
2026-01-02 09:56:26,2286.80,160,365888
2026-01-02 09:56:27,2286.80,149,340733
2026-01-02 09:56:28,2286.80,172,393330
2026-01-02 09:56:29,2286.80,162,370462
2026-01-02 09:56:30,2286.80,143,327012
2026-01-02 09:56:31,2286.80,152,347594
2026-01-02 09:56:32,2286.80,154,352167
2026-01-02 09:56:33,2286.80,158,361314
2026-01-02 09:56:34,2286.80,162,370462
2026-01-02 09:56:35,2286.80,154,352167
2026-01-02 09:56:36,2286.80,168,384182
2026-01-02 09:56:37,2286.80,157,359028
2026-01-02 09:56:38,2286.80,167,381896
2026-01-02 09:56:39,2286.80,163,372748
2026-01-02 09:56:40,2286.80,147,336160
2026-01-02 09:56:41,2286.80,160,365888
2026-01-02 09:56:42,2286.80,164,375035
2026-01-02 09:56:43,2286.80,156,356741
2026-01-02 09:56:44,2286.80,153,349880
2026-01-02 09:56:45,2286.80,144,329299
2026-01-02 09:56:46,2286.80,153,349880
2026-01-02 09:56:47,2286.80,159,363601
2026-01-02 09:56:48,2286.80,147,336160
2026-01-02 09:56:49,2286.80,142,324726
2026-01-02 09:56:50,2286.80,158,361314
2026-01-02 09:56:51,2286.80,158,361314
2026-01-02 09:56:52,2286.80,170,388756
2026-01-02 09:56:53,2286.80,177,404764
2026-01-02 09:56:54,2286.80,169,386469
2026-01-02 09:56:55,2286.80,154,352167
2026-01-02 09:56:56,2286.80,156,356741
2026-01-02 09:56:57,2286.80,143,327012
2026-01-02 09:56:58,2286.80,187,427632
2026-01-02 09:56:59,2286.80,163,372748
2026-01-02 09:57:00,2286.80,174,397903
2026-01-02 09:57:01,2286.80,176,402477
2026-01-02 09:57:02,2286.80,153,349880
2026-01-02 09:57:03,2286.80,157,359028
2026-01-02 09:57:04,2286.80,167,381896
2026-01-02 09:57:05,2286.80,162,370462
2026-01-02 09:57:06,2286.80,147,336160
2026-01-02 09:57:07,2286.80,125,285850
2026-01-02 09:57:08,2286.80,166,379609
2026-01-02 09:57:09,2286.80,162,370462
2026-01-02 09:57:10,2286.80,138,315578
2026-01-02 09:57:11,2286.80,165,377322
2026-01-02 09:57:12,2286.80,183,418484
2026-01-02 09:57:13,2286.80,160,365888
2026-01-02 09:57:14,2286.80,154,352167
2026-01-02 09:57:15,2286.80,156,356741
2026-01-02 09:57:16,2286.80,162,370462
2026-01-02 09:57:17,2286.80,157,359028
2026-01-02 09:57:18,2286.80,174,397903
2026-01-02 09:57:19,2286.80,187,427632
2026-01-02 09:57:20,2286.80,160,365888
2026-01-02 09:57:21,2286.80,141,322439
2026-01-02 09:57:22,2286.80,129,294997
2026-01-02 09:57:23,2286.80,165,377322
2026-01-02 09:57:24,2286.80,173,395616
2026-01-02 09:57:25,2286.80,166,379609
2026-01-02 09:57:26,2286.80,149,340733
2026-01-02 09:57:27,2286.80,149,340733
2026-01-02 09:57:28,2286.80,141,322439
2026-01-02 09:57:29,2286.80,163,372748
2026-01-02 09:57:30,2286.80,151,345307
2026-01-02 09:57:31,2286.80,158,361314
2026-01-02 09:57:32,2286.80,176,402477
2026-01-02 09:57:33,2286.80,166,379609
2026-01-02 09:57:34,2286.80,157,359028
2026-01-02 09:57:35,2286.80,159,363601
2026-01-02 09:57:36,2286.80,177,404764
2026-01-02 09:57:37,2286.80,136,311005
2026-01-02 09:57:38,2286.80,174,397903
2026-01-02 09:57:39,2286.80,170,388756
2026-01-02 09:57:40,2286.80,145,331586
2026-01-02 09:57:41,2286.80,173,395616
2026-01-02 09:57:42,2286.80,161,368175
2026-01-02 09:57:43,2286.80,158,361314
2026-01-02 09:57:44,2286.80,162,370462
2026-01-02 09:57:45,2286.80,155,354454
2026-01-02 09:57:46,2286.80,163,372748
2026-01-02 09:57:47,2286.80,149,340733
2026-01-02 09:57:48,2286.80,176,402477
2026-01-02 09:57:49,2286.80,167,381896
2026-01-02 09:57:50,2286.80,175,400190
2026-01-02 09:57:51,2286.80,164,375035
2026-01-02 09:57:52,2286.80,180,411624
2026-01-02 09:57:53,2286.80,181,413911
2026-01-02 09:57:54,2286.80,169,386469
2026-01-02 09:57:55,2286.80,170,388756
2026-01-02 09:57:56,2286.80,158,361314
2026-01-02 09:57:57,2286.80,149,340733
2026-01-02 09:57:58,2286.80,167,381896
2026-01-02 09:57:59,2286.80,148,338446
2026-01-02 09:58:00,2286.80,176,402477
2026-01-02 09:58:01,2286.80,174,397903
2026-01-02 09:58:02,2286.80,147,336160
2026-01-02 09:58:03,2286.80,161,368175
2026-01-02 09:58:04,2286.80,151,345307
2026-01-02 09:58:05,2286.80,165,377322
2026-01-02 09:58:06,2286.80,164,375035
2026-01-02 09:58:07,2286.80,158,361314
2026-01-02 09:58:08,2286.80,152,347594
2026-01-02 09:58:09,2286.80,170,388756
2026-01-02 09:58:10,2286.80,168,384182
2026-01-02 09:58:11,2286.80,147,336160
2026-01-02 09:58:12,2286.80,171,391043
2026-01-02 09:58:13,2286.80,157,359028
2026-01-02 09:58:14,2286.80,174,397903
2026-01-02 09:58:15,2286.80,166,379609
2026-01-02 09:58:16,2286.80,151,345307
2026-01-02 09:58:17,2286.80,178,407050
2026-01-02 09:58:18,2286.80,178,407050
2026-01-02 09:58:19,2286.80,153,349880
2026-01-02 09:58:20,2286.80,147,336160
2026-01-02 09:58:21,2286.80,161,368175
2026-01-02 09:58:22,2286.80,160,365888
2026-01-02 09:58:23,2286.80,163,372748
2026-01-02 09:58:24,2286.80,176,402477
2026-01-02 09:58:25,2286.80,164,375035
2026-01-02 09:58:26,2286.80,160,365888
2026-01-02 09:58:27,2286.80,123,281276
2026-01-02 09:58:28,2286.80,159,363601
2026-01-02 09:58:29,2286.80,163,372748
2026-01-02 09:58:30,2286.80,168,384182
2026-01-02 09:58:31,2286.80,155,354454
2026-01-02 09:58:32,2286.80,154,352167
2026-01-02 09:58:33,2286.80,156,356741
2026-01-02 09:58:34,2286.80,168,384182
2026-01-02 09:58:35,2286.80,164,375035
2026-01-02 09:58:36,2286.80,139,317865
2026-01-02 09:58:37,2286.80,148,338446
2026-01-02 09:58:38,2286.80,148,338446
2026-01-02 09:58:39,2286.80,149,340733
2026-01-02 09:58:40,2286.80,152,347594
2026-01-02 09:58:41,2286.80,151,345307
2026-01-02 09:58:42,2286.80,137,313292
2026-01-02 09:58:43,2286.80,154,352167
2026-01-02 09:58:44,2286.80,137,313292
2026-01-02 09:58:45,2286.80,175,400190
2026-01-02 09:58:46,2286.80,154,352167
2026-01-02 09:58:47,2286.80,142,324726
2026-01-02 09:58:48,2286.80,164,375035
2026-01-02 09:58:49,2286.80,147,336160
2026-01-02 09:58:50,2286.80,153,349880
2026-01-02 09:58:51,2286.80,166,379609
2026-01-02 09:58:52,2286.80,166,379609
2026-01-02 09:58:53,2286.80,166,379609
2026-01-02 09:58:54,2286.80,167,381896
2026-01-02 09:58:55,2286.80,165,377322
2026-01-02 09:58:56,2286.80,172,393330
2026-01-02 09:58:57,2286.80,152,347594
2026-01-02 09:58:58,2286.80,149,340733
2026-01-02 09:58:59,2286.80,147,336160
2026-01-02 09:59:00,2286.80,161,368175
2026-01-02 09:59:01,2286.80,150,343020
2026-01-02 09:59:02,2286.80,150,343020
2026-01-02 09:59:03,2286.80,139,317865
2026-01-02 09:59:04,2286.80,149,340733
2026-01-02 09:59:05,2286.80,128,292710
2026-01-02 09:59:06,2286.80,144,329299
2026-01-02 09:59:07,2286.80,149,340733
2026-01-02 09:59:08,2286.80,170,388756
2026-01-02 09:59:09,2286.80,149,340733
2026-01-02 09:59:10,2286.80,138,315578
2026-01-02 09:59:11,2286.80,145,331586
2026-01-02 09:59:12,2286.80,148,338446
2026-01-02 09:59:13,2286.80,155,354454
2026-01-02 09:59:14,2286.80,140,320152
2026-01-02 09:59:15,2286.80,147,336160
2026-01-02 09:59:16,2286.80,127,290424
2026-01-02 09:59:17,2286.80,168,384182
2026-01-02 09:59:18,2286.80,174,397903
2026-01-02 09:59:19,2286.80,154,352167
2026-01-02 09:59:20,2286.80,163,372748
2026-01-02 09:59:21,2286.80,161,368175
2026-01-02 09:59:22,2286.80,170,388756
2026-01-02 09:59:23,2286.80,149,340733
2026-01-02 09:59:24,2286.80,140,320152
2026-01-02 09:59:25,2286.80,159,363601
2026-01-02 09:59:26,2286.80,130,297284
2026-01-02 09:59:27,2286.80,165,377322
2026-01-02 09:59:28,2286.80,158,361314
2026-01-02 09:59:29,2286.80,146,333873
2026-01-02 09:59:30,2286.80,153,349880
2026-01-02 09:59:31,2286.80,136,311005
2026-01-02 09:59:32,2286.80,155,354454
2026-01-02 09:59:33,2286.80,165,377322
2026-01-02 09:59:34,2286.80,142,324726
2026-01-02 09:59:35,2286.80,167,381896
2026-01-02 09:59:36,2286.80,160,365888
2026-01-02 09:59:37,2286.80,183,418484
2026-01-02 09:59:38,2286.80,141,322439
2026-01-02 09:59:39,2286.80,173,395616
2026-01-02 09:59:40,2286.80,154,352167
2026-01-02 09:59:41,2286.80,167,381896
2026-01-02 09:59:42,2286.80,160,365888
2026-01-02 09:59:43,2286.80,140,320152
2026-01-02 09:59:44,2286.80,163,372748
2026-01-02 09:59:45,2286.80,161,368175
2026-01-02 09:59:46,2286.80,165,377322
2026-01-02 09:59:47,2286.80,172,393330
2026-01-02 09:59:48,2286.80,160,365888
2026-01-02 09:59:49,2286.80,150,343020
2026-01-02 09:59:50,2286.80,130,297284
2026-01-02 09:59:51,2286.80,146,333873
2026-01-02 09:59:52,2286.80,147,336160
2026-01-02 09:59:53,2286.80,153,349880
2026-01-02 09:59:54,2286.80,144,329299
2026-01-02 09:59:55,2286.80,169,386469
2026-01-02 09:59:56,2286.80,156,356741
2026-01-02 09:59:57,2286.80,163,372748
2026-01-02 09:59:58,2286.80,189,432205
2026-01-02 09:59:59,2286.80,156,356741
2026-01-02 10:00:00,2286.80,153,349880
2026-01-02 10:00:01,2286.80,159,363601
2026-01-02 10:00:02,2286.80,135,308718
2026-01-02 10:00:03,2286.80,154,352167
2026-01-02 10:00:04,2286.80,150,343020
2026-01-02 10:00:05,2286.80,153,349880
2026-01-02 10:00:06,2286.80,148,338446
2026-01-02 10:00:07,2286.80,162,370462
2026-01-02 10:00:08,2286.80,144,329299
2026-01-02 10:00:09,2286.80,164,375035
2026-01-02 10:00:10,2286.80,161,368175
2026-01-02 10:00:11,2286.80,153,349880
2026-01-02 10:00:12,2286.80,144,329299
2026-01-02 10:00:13,2286.80,167,381896
2026-01-02 10:00:14,2286.80,141,322439
2026-01-02 10:00:15,2286.80,134,306431
2026-01-02 10:00:16,2286.80,177,404764
2026-01-02 10:00:17,2286.80,158,361314
2026-01-02 10:00:18,2286.80,167,381896
2026-01-02 10:00:19,2286.80,149,340733
2026-01-02 10:00:20,2286.80,168,384182
2026-01-02 10:00:21,2286.80,137,313292
2026-01-02 10:00:22,2286.80,170,388756
2026-01-02 10:00:23,2286.80,156,356741
2026-01-02 10:00:24,2286.80,166,379609
2026-01-02 10:00:25,2286.80,150,343020
2026-01-02 10:00:26,2286.80,185,423058
2026-01-02 10:00:27,2286.80,158,361314
2026-01-02 10:00:28,2286.80,153,349880
2026-01-02 10:00:29,2286.80,163,372748
2026-01-02 10:00:30,2286.80,175,400190
2026-01-02 10:00:31,2286.80,159,363601
2026-01-02 10:00:32,2286.80,160,365888
2026-01-02 10:00:33,2286.80,155,354454
2026-01-02 10:00:34,2286.80,165,377322
2026-01-02 10:00:35,2286.80,148,338446
2026-01-02 10:00:36,2286.80,160,365888
2026-01-02 10:00:37,2286.80,159,363601
2026-01-02 10:00:38,2286.80,149,340733
2026-01-02 10:00:39,2286.80,184,420771
2026-01-02 10:00:40,2286.80,162,370462
2026-01-02 10:00:41,2286.80,143,327012
2026-01-02 10:00:42,2286.80,151,345307
2026-01-02 10:00:43,2286.80,144,329299
2026-01-02 10:00:44,2286.80,155,354454
2026-01-02 10:00:45,2286.80,159,363601
2026-01-02 10:00:46,2286.80,171,391043
2026-01-02 10:00:47,2286.80,156,356741
2026-01-02 10:00:48,2286.80,152,347594
2026-01-02 10:00:49,2286.80,176,402477
2026-01-02 10:00:50,2286.80,156,356741
2026-01-02 10:00:51,2286.80,148,338446
2026-01-02 10:00:52,2286.80,175,400190
2026-01-02 10:00:53,2286.80,145,331586
2026-01-02 10:00:54,2286.80,168,384182
2026-01-02 10:00:55,2286.80,162,370462
2026-01-02 10:00:56,2286.80,175,400190
2026-01-02 10:00:57,2286.80,152,347594
2026-01-02 10:00:58,2286.80,143,327012
2026-01-02 10:00:59,2286.80,150,343020
2026-01-02 10:01:00,2286.80,149,340733
2026-01-02 10:01:01,2286.80,148,338446
2026-01-02 10:01:02,2286.80,180,411624
2026-01-02 10:01:03,2286.80,131,299571
2026-01-02 10:01:04,2286.80,170,388756
2026-01-02 10:01:05,2286.80,157,359028
2026-01-02 10:01:06,2286.80,140,320152
2026-01-02 10:01:07,2286.80,135,308718
2026-01-02 10:01:08,2286.80,144,329299
2026-01-02 10:01:09,2286.80,136,311005
2026-01-02 10:01:10,2286.80,152,347594
2026-01-02 10:01:11,2286.80,156,356741
2026-01-02 10:01:12,2286.80,146,333873
2026-01-02 10:01:13,2286.80,161,368175
2026-01-02 10:01:14,2286.80,158,361314
2026-01-02 10:01:15,2286.80,166,379609
2026-01-02 10:01:16,2286.80,152,347594
2026-01-02 10:01:17,2286.80,164,375035
2026-01-02 10:01:18,2286.80,148,338446
2026-01-02 10:01:19,2286.80,153,349880
2026-01-02 10:01:20,2286.80,166,379609
2026-01-02 10:01:21,2286.80,148,338446
2026-01-02 10:01:22,2286.80,131,299571
2026-01-02 10:01:23,2286.80,160,365888
2026-01-02 10:01:24,2286.80,171,391043
2026-01-02 10:01:25,2286.80,166,379609
2026-01-02 10:01:26,2286.80,143,327012
2026-01-02 10:01:27,2286.80,144,329299
2026-01-02 10:01:28,2286.80,178,407050
2026-01-02 10:01:29,2286.80,152,347594
2026-01-02 10:01:30,2286.80,172,393330
2026-01-02 10:01:31,2286.80,159,363601
2026-01-02 10:01:32,2286.80,151,345307
2026-01-02 10:01:33,2286.80,135,308718
2026-01-02 10:01:34,2286.80,145,331586
2026-01-02 10:01:35,2286.80,166,379609
2026-01-02 10:01:36,2286.80,148,338446
2026-01-02 10:01:37,2286.80,177,404764
2026-01-02 10:01:38,2286.80,157,359028
2026-01-02 10:01:39,2286.80,158,361314
2026-01-02 10:01:40,2286.80,155,354454
2026-01-02 10:01:41,2286.80,164,375035
2026-01-02 10:01:42,2286.80,154,352167
2026-01-02 10:01:43,2286.80,145,331586
2026-01-02 10:01:44,2286.80,164,375035
2026-01-02 10:01:45,2286.80,158,361314
2026-01-02 10:01:46,2286.80,140,320152
2026-01-02 10:01:47,2286.80,173,395616
2026-01-02 10:01:48,2286.80,159,363601
2026-01-02 10:01:49,2286.80,177,404764
2026-01-02 10:01:50,2286.80,141,322439
2026-01-02 10:01:51,2286.80,174,397903
2026-01-02 10:01:52,2286.80,160,365888
2026-01-02 10:01:53,2286.80,156,356741
2026-01-02 10:01:54,2286.80,154,352167
2026-01-02 10:01:55,2286.80,144,329299
2026-01-02 10:01:56,2286.80,168,384182
2026-01-02 10:01:57,2286.80,163,372748
2026-01-02 10:01:58,2286.80,150,343020
2026-01-02 10:01:59,2286.80,156,356741
2026-01-02 10:02:00,2286.80,145,331586
2026-01-02 10:02:01,2286.80,156,356741
2026-01-02 10:02:02,2286.80,161,368175
2026-01-02 10:02:03,2286.80,142,324726
2026-01-02 10:02:04,2286.80,140,320152
2026-01-02 10:02:05,2286.80,162,370462
2026-01-02 10:02:06,2286.80,176,402477
2026-01-02 10:02:07,2286.80,149,340733
2026-01-02 10:02:08,2286.80,137,313292
2026-01-02 10:02:09,2286.80,145,331586
2026-01-02 10:02:10,2286.80,161,368175
2026-01-02 10:02:11,2286.80,169,386469
2026-01-02 10:02:12,2286.80,153,349880
2026-01-02 10:02:13,2286.80,143,327012
2026-01-02 10:02:14,2286.80,154,352167
2026-01-02 10:02:15,2286.80,134,306431
2026-01-02 10:02:16,2286.80,161,368175
2026-01-02 10:02:17,2286.80,136,311005
2026-01-02 10:02:18,2286.80,166,379609
2026-01-02 10:02:19,2286.80,169,386469
2026-01-02 10:02:20,2286.80,144,329299
2026-01-02 10:02:21,2286.80,160,365888
2026-01-02 10:02:22,2286.80,145,331586
2026-01-02 10:02:23,2286.80,148,338446
2026-01-02 10:02:24,2286.80,162,370462
2026-01-02 10:02:25,2286.80,168,384182
2026-01-02 10:02:26,2286.80,147,336160
2026-01-02 10:02:27,2286.80,159,363601
2026-01-02 10:02:28,2286.80,164,375035
2026-01-02 10:02:29,2286.80,146,333873
2026-01-02 10:02:30,2286.80,156,356741
2026-01-02 10:02:31,2286.80,164,375035
2026-01-02 10:02:32,2286.80,139,317865
2026-01-02 10:02:33,2286.80,141,322439
2026-01-02 10:02:34,2286.80,173,395616
2026-01-02 10:02:35,2286.80,155,354454
2026-01-02 10:02:36,2286.80,153,349880
2026-01-02 10:02:37,2286.80,157,359028
2026-01-02 10:02:38,2286.80,144,329299
2026-01-02 10:02:39,2286.80,142,324726
2026-01-02 10:02:40,2286.80,138,315578
2026-01-02 10:02:41,2286.80,137,313292
2026-01-02 10:02:42,2286.80,135,308718
2026-01-02 10:02:43,2286.80,118,269842
2026-01-02 10:02:44,2286.80,158,361314
2026-01-02 10:02:45,2286.80,138,315578
2026-01-02 10:02:46,2286.80,140,320152
2026-01-02 10:02:47,2286.80,147,336160
2026-01-02 10:02:48,2286.80,152,347594
2026-01-02 10:02:49,2286.80,169,386469
2026-01-02 10:02:50,2286.80,185,423058
2026-01-02 10:02:51,2286.80,150,343020
2026-01-02 10:02:52,2286.80,129,294997
2026-01-02 10:02:53,2286.80,157,359028
2026-01-02 10:02:54,2286.80,155,354454
2026-01-02 10:02:55,2286.80,148,338446
2026-01-02 10:02:56,2286.80,146,333873
2026-01-02 10:02:57,2286.80,162,370462
2026-01-02 10:02:58,2286.80,145,331586
2026-01-02 10:02:59,2286.80,154,352167
2026-01-02 10:03:00,2286.80,145,331586
2026-01-02 10:03:01,2286.80,151,345307
2026-01-02 10:03:02,2286.80,140,320152
2026-01-02 10:03:03,2286.80,152,347594
2026-01-02 10:03:04,2286.80,142,324726
2026-01-02 10:03:05,2286.80,176,402477
2026-01-02 10:03:06,2286.80,154,352167
2026-01-02 10:03:07,2286.80,135,308718
2026-01-02 10:03:08,2286.80,168,384182
2026-01-02 10:03:09,2286.80,141,322439
2026-01-02 10:03:10,2286.80,175,400190
2026-01-02 10:03:11,2286.80,145,331586
2026-01-02 10:03:12,2286.80,128,292710
2026-01-02 10:03:13,2286.80,141,322439
2026-01-02 10:03:14,2286.80,135,308718
2026-01-02 10:03:15,2286.80,130,297284
2026-01-02 10:03:16,2286.80,149,340733
2026-01-02 10:03:17,2286.80,148,338446
2026-01-02 10:03:18,2286.80,142,324726
2026-01-02 10:03:19,2286.80,155,354454
2026-01-02 10:03:20,2286.80,157,359028
2026-01-02 10:03:21,2286.80,141,322439
2026-01-02 10:03:22,2286.80,156,356741
2026-01-02 10:03:23,2286.80,162,370462
2026-01-02 10:03:24,2286.80,150,343020
2026-01-02 10:03:25,2286.80,168,384182
2026-01-02 10:03:26,2286.80,163,372748
2026-01-02 10:03:27,2286.80,124,283563
2026-01-02 10:03:28,2286.80,149,340733
2026-01-02 10:03:29,2286.80,147,336160
2026-01-02 10:03:30,2286.80,163,372748
2026-01-02 10:03:31,2286.80,152,347594
2026-01-02 10:03:32,2286.80,153,349880
2026-01-02 10:03:33,2286.80,146,333873
2026-01-02 10:03:34,2286.80,151,345307
2026-01-02 10:03:35,2286.80,134,306431
2026-01-02 10:03:36,2286.80,163,372748
2026-01-02 10:03:37,2286.80,152,347594
2026-01-02 10:03:38,2286.80,146,333873
2026-01-02 10:03:39,2286.80,165,377322
2026-01-02 10:03:40,2286.80,129,294997
2026-01-02 10:03:41,2286.80,131,299571
2026-01-02 10:03:42,2286.80,144,329299
2026-01-02 10:03:43,2286.80,157,359028
2026-01-02 10:03:44,2286.80,152,347594
2026-01-02 10:03:45,2286.80,171,391043
2026-01-02 10:03:46,2286.80,148,338446
2026-01-02 10:03:47,2286.80,109,249261
2026-01-02 10:03:48,2286.80,147,336160
2026-01-02 10:03:49,2286.80,153,349880
2026-01-02 10:03:50,2286.80,172,393330
2026-01-02 10:03:51,2286.80,148,338446
2026-01-02 10:03:52,2286.80,149,340733
2026-01-02 10:03:53,2286.80,176,402477
2026-01-02 10:03:54,2286.80,155,354454
2026-01-02 10:03:55,2286.80,151,345307
2026-01-02 10:03:56,2286.80,173,395616
2026-01-02 10:03:57,2286.80,149,340733
2026-01-02 10:03:58,2286.80,135,308718
2026-01-02 10:03:59,2286.80,151,345307
2026-01-02 10:04:00,2286.80,172,393330
2026-01-02 10:04:01,2286.80,157,359028
2026-01-02 10:04:02,2286.80,134,306431
2026-01-02 10:04:03,2286.80,143,327012
2026-01-02 10:04:04,2286.80,160,365888
2026-01-02 10:04:05,2286.80,152,347594
2026-01-02 10:04:06,2286.80,163,372748
2026-01-02 10:04:07,2286.80,138,315578
2026-01-02 10:04:08,2286.80,144,329299
2026-01-02 10:04:09,2286.80,161,368175
2026-01-02 10:04:10,2286.80,145,331586
2026-01-02 10:04:11,2286.80,152,347594
2026-01-02 10:04:12,2286.80,168,384182
2026-01-02 10:04:13,2286.80,157,359028
2026-01-02 10:04:14,2286.80,145,331586
2026-01-02 10:04:15,2286.80,148,338446
2026-01-02 10:04:16,2286.80,151,345307
2026-01-02 10:04:17,2286.80,152,347594
2026-01-02 10:04:18,2286.80,159,363601
2026-01-02 10:04:19,2286.80,147,336160
2026-01-02 10:04:20,2286.80,129,294997
2026-01-02 10:04:21,2286.80,155,354454
2026-01-02 10:04:22,2286.80,161,368175
2026-01-02 10:04:23,2286.80,151,345307
2026-01-02 10:04:24,2286.80,133,304144
2026-01-02 10:04:25,2286.80,134,306431
2026-01-02 10:04:26,2286.80,152,347594
2026-01-02 10:04:27,2286.80,166,379609
2026-01-02 10:04:28,2286.80,139,317865
2026-01-02 10:04:29,2286.80,164,375035
2026-01-02 10:04:30,2286.80,133,304144
2026-01-02 10:04:31,2286.80,143,327012
2026-01-02 10:04:32,2286.80,138,315578
2026-01-02 10:04:33,2286.80,147,336160
2026-01-02 10:04:34,2286.80,135,308718
2026-01-02 10:04:35,2286.80,164,375035
2026-01-02 10:04:36,2286.80,129,294997
2026-01-02 10:04:37,2286.80,154,352167
2026-01-02 10:04:38,2286.80,153,349880
2026-01-02 10:04:39,2286.80,133,304144
2026-01-02 10:04:40,2286.80,143,327012
2026-01-02 10:04:41,2286.80,151,345307
2026-01-02 10:04:42,2286.80,160,365888
2026-01-02 10:04:43,2286.80,143,327012
2026-01-02 10:04:44,2286.80,129,294997
2026-01-02 10:04:45,2286.80,154,352167
2026-01-02 10:04:46,2286.80,131,299571
2026-01-02 10:04:47,2286.80,157,359028
2026-01-02 10:04:48,2286.80,163,372748
2026-01-02 10:04:49,2286.80,166,379609
2026-01-02 10:04:50,2286.80,146,333873
2026-01-02 10:04:51,2286.80,149,340733
2026-01-02 10:04:52,2286.80,152,347594
2026-01-02 10:04:53,2286.80,171,391043
2026-01-02 10:04:54,2286.80,155,354454
2026-01-02 10:04:55,2286.80,156,356741
2026-01-02 10:04:56,2286.80,164,375035
2026-01-02 10:04:57,2286.80,152,347594
2026-01-02 10:04:58,2286.80,160,365888
2026-01-02 10:04:59,2286.80,155,354454
2026-01-02 10:05:00,2286.80,142,324726
2026-01-02 10:05:01,2286.80,152,347594
2026-01-02 10:05:02,2286.80,138,315578
2026-01-02 10:05:03,2286.80,156,356741
2026-01-02 10:05:04,2286.80,142,324726
2026-01-02 10:05:05,2286.80,162,370462
2026-01-02 10:05:06,2286.80,149,340733
2026-01-02 10:05:07,2286.80,159,363601
2026-01-02 10:05:08,2286.80,151,345307
2026-01-02 10:05:09,2286.80,142,324726
2026-01-02 10:05:10,2286.80,153,349880
2026-01-02 10:05:11,2286.80,154,352167
2026-01-02 10:05:12,2286.80,142,324726
2026-01-02 10:05:13,2286.80,140,320152
2026-01-02 10:05:14,2286.80,164,375035
2026-01-02 10:05:15,2286.80,159,363601
2026-01-02 10:05:16,2286.80,144,329299
2026-01-02 10:05:17,2286.80,145,331586
2026-01-02 10:05:18,2286.80,138,315578
2026-01-02 10:05:19,2286.80,155,354454
2026-01-02 10:05:20,2286.80,156,356741
2026-01-02 10:05:21,2286.80,150,343020
2026-01-02 10:05:22,2286.80,143,327012
2026-01-02 10:05:23,2286.80,135,308718
2026-01-02 10:05:24,2286.80,160,365888
2026-01-02 10:05:25,2286.80,145,331586
2026-01-02 10:05:26,2286.80,141,322439
2026-01-02 10:05:27,2286.80,144,329299
2026-01-02 10:05:28,2286.80,139,317865
2026-01-02 10:05:29,2286.80,144,329299
2026-01-02 10:05:30,2286.80,146,333873
2026-01-02 10:05:31,2286.80,150,343020
2026-01-02 10:05:32,2286.80,144,329299
2026-01-02 10:05:33,2286.80,166,379609
2026-01-02 10:05:34,2286.80,156,356741
2026-01-02 10:05:35,2286.80,163,372748
2026-01-02 10:05:36,2286.80,145,331586
2026-01-02 10:05:37,2286.80,141,322439
2026-01-02 10:05:38,2286.80,164,375035
2026-01-02 10:05:39,2286.80,152,347594
2026-01-02 10:05:40,2286.80,145,331586
2026-01-02 10:05:41,2286.80,145,331586
2026-01-02 10:05:42,2286.80,131,299571
2026-01-02 10:05:43,2286.80,148,338446
2026-01-02 10:05:44,2286.80,142,324726
2026-01-02 10:05:45,2286.80,144,329299
2026-01-02 10:05:46,2286.80,152,347594
2026-01-02 10:05:47,2286.80,157,359028
2026-01-02 10:05:48,2286.80,129,294997
2026-01-02 10:05:49,2286.80,160,365888
2026-01-02 10:05:50,2286.80,163,372748
2026-01-02 10:05:51,2286.80,158,361314
2026-01-02 10:05:52,2286.80,159,363601
2026-01-02 10:05:53,2286.80,137,313292
2026-01-02 10:05:54,2286.80,153,349880
2026-01-02 10:05:55,2286.80,155,354454
2026-01-02 10:05:56,2286.80,143,327012
2026-01-02 10:05:57,2286.80,138,315578
2026-01-02 10:05:58,2286.80,141,322439
2026-01-02 10:05:59,2286.80,133,304144
2026-01-02 10:06:00,2286.80,156,356741
2026-01-02 10:06:01,2286.80,150,343020
2026-01-02 10:06:02,2286.80,158,361314
2026-01-02 10:06:03,2286.80,146,333873
2026-01-02 10:06:04,2286.80,134,306431
2026-01-02 10:06:05,2286.80,160,365888
2026-01-02 10:06:06,2286.80,141,322439
2026-01-02 10:06:07,2286.80,150,343020
2026-01-02 10:06:08,2286.80,133,304144
2026-01-02 10:06:09,2286.80,168,384182
2026-01-02 10:06:10,2286.80,164,375035
2026-01-02 10:06:11,2286.80,146,333873
2026-01-02 10:06:12,2286.80,141,322439
2026-01-02 10:06:13,2286.80,151,345307
2026-01-02 10:06:14,2286.80,137,313292
2026-01-02 10:06:15,2286.80,166,379609
2026-01-02 10:06:16,2286.80,138,315578
2026-01-02 10:06:17,2286.80,151,345307
2026-01-02 10:06:18,2286.80,158,361314
2026-01-02 10:06:19,2286.80,131,299571
2026-01-02 10:06:20,2286.80,140,320152
2026-01-02 10:06:21,2286.80,149,340733
2026-01-02 10:06:22,2286.80,153,349880
2026-01-02 10:06:23,2286.80,129,294997
2026-01-02 10:06:24,2286.80,145,331586
2026-01-02 10:06:25,2286.80,148,338446
2026-01-02 10:06:26,2286.80,151,345307
2026-01-02 10:06:27,2286.80,141,322439
2026-01-02 10:06:28,2286.80,140,320152
2026-01-02 10:06:29,2286.80,176,402477
2026-01-02 10:06:30,2286.80,119,272129
2026-01-02 10:06:31,2286.80,142,324726
2026-01-02 10:06:32,2286.80,153,349880
2026-01-02 10:06:33,2286.80,136,311005
2026-01-02 10:06:34,2286.80,167,381896
2026-01-02 10:06:35,2286.80,147,336160
2026-01-02 10:06:36,2286.80,154,352167
2026-01-02 10:06:37,2286.80,146,333873
2026-01-02 10:06:38,2286.80,140,320152
2026-01-02 10:06:39,2286.80,128,292710
2026-01-02 10:06:40,2286.80,146,333873
2026-01-02 10:06:41,2286.80,157,359028
2026-01-02 10:06:42,2286.80,133,304144
2026-01-02 10:06:43,2286.80,129,294997
2026-01-02 10:06:44,2286.80,143,327012
2026-01-02 10:06:45,2286.80,131,299571
2026-01-02 10:06:46,2286.80,154,352167
2026-01-02 10:06:47,2286.80,142,324726
2026-01-02 10:06:48,2286.80,161,368175
2026-01-02 10:06:49,2286.80,138,315578
2026-01-02 10:06:50,2286.80,155,354454
2026-01-02 10:06:51,2286.80,143,327012
2026-01-02 10:06:52,2286.80,155,354454
2026-01-02 10:06:53,2286.80,119,272129
2026-01-02 10:06:54,2286.80,151,345307
2026-01-02 10:06:55,2286.80,143,327012
2026-01-02 10:06:56,2286.80,145,331586
2026-01-02 10:06:57,2286.80,141,322439
2026-01-02 10:06:58,2286.80,134,306431
2026-01-02 10:06:59,2286.80,143,327012
2026-01-02 10:07:00,2286.80,142,324726
2026-01-02 10:07:01,2286.80,133,304144
2026-01-02 10:07:02,2286.80,166,379609
2026-01-02 10:07:03,2286.80,142,324726
2026-01-02 10:07:04,2286.80,153,349880
2026-01-02 10:07:05,2286.80,139,317865
2026-01-02 10:07:06,2286.80,139,317865
2026-01-02 10:07:07,2286.80,147,336160
2026-01-02 10:07:08,2286.80,156,356741
2026-01-02 10:07:09,2286.80,163,372748
2026-01-02 10:07:10,2286.80,152,347594
2026-01-02 10:07:11,2286.80,148,338446
2026-01-02 10:07:12,2286.80,131,299571
2026-01-02 10:07:13,2286.80,146,333873
2026-01-02 10:07:14,2286.80,148,338446
2026-01-02 10:07:15,2286.80,145,331586
2026-01-02 10:07:16,2286.80,143,327012
2026-01-02 10:07:17,2286.80,138,315578
2026-01-02 10:07:18,2286.80,126,288137
2026-01-02 10:07:19,2286.80,126,288137
2026-01-02 10:07:20,2286.80,135,308718
2026-01-02 10:07:21,2286.80,141,322439
2026-01-02 10:07:22,2286.80,121,276703
2026-01-02 10:07:23,2286.80,150,343020
2026-01-02 10:07:24,2286.80,164,375035
2026-01-02 10:07:25,2286.80,151,345307
2026-01-02 10:07:26,2286.80,151,345307
2026-01-02 10:07:27,2286.80,154,352167
2026-01-02 10:07:28,2286.80,164,375035
2026-01-02 10:07:29,2286.80,158,361314
2026-01-02 10:07:30,2286.80,129,294997
2026-01-02 10:07:31,2286.80,137,313292
2026-01-02 10:07:32,2286.80,136,311005
2026-01-02 10:07:33,2286.80,139,317865
2026-01-02 10:07:34,2286.80,139,317865
2026-01-02 10:07:35,2286.80,131,299571
2026-01-02 10:07:36,2286.80,131,299571
2026-01-02 10:07:37,2286.80,146,333873
2026-01-02 10:07:38,2286.80,141,322439
2026-01-02 10:07:39,2286.80,144,329299
2026-01-02 10:07:40,2286.80,158,361314
2026-01-02 10:07:41,2286.80,160,365888
2026-01-02 10:07:42,2286.80,143,327012
2026-01-02 10:07:43,2286.80,131,299571
2026-01-02 10:07:44,2286.80,150,343020
2026-01-02 10:07:45,2286.80,129,294997
2026-01-02 10:07:46,2286.80,150,343020
2026-01-02 10:07:47,2286.80,133,304144
2026-01-02 10:07:48,2286.80,134,306431
2026-01-02 10:07:49,2286.80,146,333873
2026-01-02 10:07:50,2286.80,152,347594
2026-01-02 10:07:51,2286.80,154,352167
2026-01-02 10:07:52,2286.80,145,331586
2026-01-02 10:07:53,2286.80,151,345307
2026-01-02 10:07:54,2286.80,143,327012
2026-01-02 10:07:55,2286.80,139,317865
2026-01-02 10:07:56,2286.80,142,324726
2026-01-02 10:07:57,2286.80,160,365888
2026-01-02 10:07:58,2286.80,150,343020
2026-01-02 10:07:59,2286.80,143,327012
2026-01-02 10:08:00,2286.80,150,343020
2026-01-02 10:08:01,2286.80,141,322439
2026-01-02 10:08:02,2286.80,136,311005
2026-01-02 10:08:03,2286.80,127,290424
2026-01-02 10:08:04,2286.80,141,322439
2026-01-02 10:08:05,2286.80,130,297284
2026-01-02 10:08:06,2286.80,144,329299
2026-01-02 10:08:07,2286.80,137,313292
2026-01-02 10:08:08,2286.80,149,340733
2026-01-02 10:08:09,2286.80,113,258408
2026-01-02 10:08:10,2286.80,167,381896
2026-01-02 10:08:11,2286.80,149,340733
2026-01-02 10:08:12,2286.80,154,352167
2026-01-02 10:08:13,2286.80,148,338446
2026-01-02 10:08:14,2286.80,149,340733
2026-01-02 10:08:15,2286.80,143,327012
2026-01-02 10:08:16,2286.80,148,338446
2026-01-02 10:08:17,2286.80,143,327012
2026-01-02 10:08:18,2286.80,122,278990
2026-01-02 10:08:19,2286.80,150,343020
2026-01-02 10:08:20,2286.80,147,336160
2026-01-02 10:08:21,2286.80,128,292710
2026-01-02 10:08:22,2286.80,134,306431
2026-01-02 10:08:23,2286.80,162,370462
2026-01-02 10:08:24,2286.80,148,338446
2026-01-02 10:08:25,2286.80,137,313292
2026-01-02 10:08:26,2286.80,152,347594
2026-01-02 10:08:27,2286.80,111,253835
2026-01-02 10:08:28,2286.80,161,368175
2026-01-02 10:08:29,2286.80,136,311005
2026-01-02 10:08:30,2286.80,150,343020
2026-01-02 10:08:31,2286.80,139,317865
2026-01-02 10:08:32,2286.80,152,347594
2026-01-02 10:08:33,2286.80,136,311005
2026-01-02 10:08:34,2286.80,149,340733
2026-01-02 10:08:35,2286.80,155,354454
2026-01-02 10:08:36,2286.80,162,370462
2026-01-02 10:08:37,2286.80,131,299571
2026-01-02 10:08:38,2286.80,163,372748
2026-01-02 10:08:39,2286.80,146,333873
2026-01-02 10:08:40,2286.80,148,338446
2026-01-02 10:08:41,2286.80,155,354454
2026-01-02 10:08:42,2286.80,129,294997
2026-01-02 10:08:43,2286.80,130,297284
2026-01-02 10:08:44,2286.80,142,324726
2026-01-02 10:08:45,2286.80,130,297284
2026-01-02 10:08:46,2286.80,173,395616
2026-01-02 10:08:47,2286.80,128,292710
2026-01-02 10:08:48,2286.80,151,345307
2026-01-02 10:08:49,2286.80,147,336160
2026-01-02 10:08:50,2286.80,135,308718
2026-01-02 10:08:51,2286.80,138,315578
2026-01-02 10:08:52,2286.80,169,386469
2026-01-02 10:08:53,2286.80,150,343020
2026-01-02 10:08:54,2286.80,145,331586
2026-01-02 10:08:55,2286.80,137,313292
2026-01-02 10:08:56,2286.80,152,347594
2026-01-02 10:08:57,2286.80,123,281276
2026-01-02 10:08:58,2286.80,143,327012
2026-01-02 10:08:59,2286.80,158,361314
2026-01-02 10:09:00,2286.80,133,304144
2026-01-02 10:09:01,2286.80,113,258408
2026-01-02 10:09:02,2286.80,128,292710
2026-01-02 10:09:03,2286.80,140,320152
2026-01-02 10:09:04,2286.80,135,308718
2026-01-02 10:09:05,2286.80,150,343020
2026-01-02 10:09:06,2286.80,132,301858
2026-01-02 10:09:07,2286.80,133,304144
2026-01-02 10:09:08,2286.80,133,304144
2026-01-02 10:09:09,2286.80,123,281276
2026-01-02 10:09:10,2286.80,148,338446
2026-01-02 10:09:11,2286.80,139,317865
2026-01-02 10:09:12,2286.80,152,347594
2026-01-02 10:09:13,2286.80,132,301858
2026-01-02 10:09:14,2286.80,135,308718
2026-01-02 10:09:15,2286.80,121,276703
2026-01-02 10:09:16,2286.80,105,240114
2026-01-02 10:09:17,2286.80,138,315578
2026-01-02 10:09:18,2286.80,137,313292
2026-01-02 10:09:19,2286.80,127,290424
2026-01-02 10:09:20,2286.80,125,285850
2026-01-02 10:09:21,2286.80,151,345307
2026-01-02 10:09:22,2286.80,140,320152
2026-01-02 10:09:23,2286.80,140,320152
2026-01-02 10:09:24,2286.80,149,340733
2026-01-02 10:09:25,2286.80,145,331586
2026-01-02 10:09:26,2286.80,120,274416
2026-01-02 10:09:27,2286.80,140,320152
2026-01-02 10:09:28,2286.80,169,386469
2026-01-02 10:09:29,2286.80,152,347594
2026-01-02 10:09:30,2286.80,134,306431
2026-01-02 10:09:31,2286.80,151,345307
2026-01-02 10:09:32,2286.80,138,315578
2026-01-02 10:09:33,2286.80,121,276703
2026-01-02 10:09:34,2286.80,152,347594
2026-01-02 10:09:35,2286.80,133,304144
2026-01-02 10:09:36,2286.80,141,322439
2026-01-02 10:09:37,2286.80,142,324726
2026-01-02 10:09:38,2286.80,126,288137
2026-01-02 10:09:39,2286.80,155,354454
2026-01-02 10:09:40,2286.80,147,336160
2026-01-02 10:09:41,2286.80,144,329299
2026-01-02 10:09:42,2286.80,132,301858
2026-01-02 10:09:43,2286.80,122,278990
2026-01-02 10:09:44,2286.80,146,333873
2026-01-02 10:09:45,2286.80,138,315578
2026-01-02 10:09:46,2286.80,136,311005
2026-01-02 10:09:47,2286.80,146,333873
2026-01-02 10:09:48,2286.80,145,331586
2026-01-02 10:09:49,2286.80,143,327012
2026-01-02 10:09:50,2286.80,143,327012
2026-01-02 10:09:51,2286.80,149,340733
2026-01-02 10:09:52,2286.80,147,336160
2026-01-02 10:09:53,2286.80,157,359028
2026-01-02 10:09:54,2286.80,159,363601
2026-01-02 10:09:55,2286.80,139,317865
2026-01-02 10:09:56,2286.80,165,377322
2026-01-02 10:09:57,2286.80,125,285850
2026-01-02 10:09:58,2286.80,139,317865
2026-01-02 10:09:59,2286.80,127,290424
2026-01-02 10:10:00,2286.80,141,322439
2026-01-02 10:10:01,2286.80,134,306431
2026-01-02 10:10:02,2286.80,138,315578
2026-01-02 10:10:03,2286.80,136,311005
2026-01-02 10:10:04,2286.80,149,340733
2026-01-02 10:10:05,2286.80,145,331586
2026-01-02 10:10:06,2286.80,165,377322
2026-01-02 10:10:07,2286.80,148,338446
2026-01-02 10:10:08,2286.80,146,333873
2026-01-02 10:10:09,2286.80,145,331586
2026-01-02 10:10:10,2286.80,145,331586
2026-01-02 10:10:11,2286.80,141,322439
2026-01-02 10:10:12,2286.80,139,317865
2026-01-02 10:10:13,2286.80,149,340733
2026-01-02 10:10:14,2286.80,140,320152
2026-01-02 10:10:15,2286.80,122,278990
2026-01-02 10:10:16,2286.80,131,299571
2026-01-02 10:10:17,2286.80,142,324726
2026-01-02 10:10:18,2286.80,135,308718
2026-01-02 10:10:19,2286.80,109,249261
2026-01-02 10:10:20,2286.80,168,384182
2026-01-02 10:10:21,2286.80,119,272129
2026-01-02 10:10:22,2286.80,131,299571
2026-01-02 10:10:23,2286.80,128,292710
2026-01-02 10:10:24,2286.80,134,306431
2026-01-02 10:10:25,2286.80,132,301858
2026-01-02 10:10:26,2286.80,128,292710
2026-01-02 10:10:27,2286.80,148,338446
2026-01-02 10:10:28,2286.80,149,340733
2026-01-02 10:10:29,2286.80,149,340733
2026-01-02 10:10:30,2286.80,138,315578
2026-01-02 10:10:31,2286.80,149,340733
2026-01-02 10:10:32,2286.80,128,292710
2026-01-02 10:10:33,2286.80,139,317865
2026-01-02 10:10:34,2286.80,139,317865
2026-01-02 10:10:35,2286.80,150,343020
2026-01-02 10:10:36,2286.80,127,290424
2026-01-02 10:10:37,2286.80,154,352167
2026-01-02 10:10:38,2286.80,154,352167
2026-01-02 10:10:39,2286.80,143,327012
2026-01-02 10:10:40,2286.80,138,315578
2026-01-02 10:10:41,2286.80,152,347594
2026-01-02 10:10:42,2286.80,157,359028
2026-01-02 10:10:43,2286.80,122,278990
2026-01-02 10:10:44,2286.80,147,336160
2026-01-02 10:10:45,2286.80,118,269842
2026-01-02 10:10:46,2286.80,148,338446
2026-01-02 10:10:47,2286.80,142,324726
2026-01-02 10:10:48,2286.80,147,336160
2026-01-02 10:10:49,2286.80,125,285850
2026-01-02 10:10:50,2286.80,159,363601
2026-01-02 10:10:51,2286.80,143,327012
2026-01-02 10:10:52,2286.80,138,315578
2026-01-02 10:10:53,2286.80,130,297284
2026-01-02 10:10:54,2286.80,148,338446
2026-01-02 10:10:55,2286.80,143,327012
2026-01-02 10:10:56,2286.80,150,343020
2026-01-02 10:10:57,2286.80,124,283563
2026-01-02 10:10:58,2286.80,135,308718
2026-01-02 10:10:59,2286.80,135,308718
2026-01-02 10:11:00,2286.80,118,269842
2026-01-02 10:11:01,2286.80,151,345307
2026-01-02 10:11:02,2286.80,168,384182
2026-01-02 10:11:03,2286.80,133,304144
2026-01-02 10:11:04,2286.80,152,347594
2026-01-02 10:11:05,2286.80,131,299571
2026-01-02 10:11:06,2286.80,138,315578
2026-01-02 10:11:07,2286.80,121,276703
2026-01-02 10:11:08,2286.80,137,313292
2026-01-02 10:11:09,2286.80,137,313292
2026-01-02 10:11:10,2286.80,139,317865
2026-01-02 10:11:11,2286.80,162,370462
2026-01-02 10:11:12,2286.80,116,265269
2026-01-02 10:11:13,2286.80,137,313292
2026-01-02 10:11:14,2286.80,165,377322
2026-01-02 10:11:15,2286.80,136,311005
2026-01-02 10:11:16,2286.80,134,306431
2026-01-02 10:11:17,2286.80,158,361314
2026-01-02 10:11:18,2286.80,151,345307
2026-01-02 10:11:19,2286.80,152,347594
2026-01-02 10:11:20,2286.80,135,308718
2026-01-02 10:11:21,2286.80,127,290424
2026-01-02 10:11:22,2286.80,145,331586
2026-01-02 10:11:23,2286.80,148,338446
2026-01-02 10:11:24,2286.80,102,233254
2026-01-02 10:11:25,2286.80,137,313292
2026-01-02 10:11:26,2286.80,131,299571
2026-01-02 10:11:27,2286.80,158,361314
2026-01-02 10:11:28,2286.80,112,256122
2026-01-02 10:11:29,2286.80,152,347594
2026-01-02 10:11:30,2286.80,150,343020
2026-01-02 10:11:31,2286.80,128,292710
2026-01-02 10:11:32,2286.80,165,377322
2026-01-02 10:11:33,2286.80,147,336160
2026-01-02 10:11:34,2286.80,124,283563
2026-01-02 10:11:35,2286.80,122,278990
2026-01-02 10:11:36,2286.80,138,315578
2026-01-02 10:11:37,2286.80,143,327012
2026-01-02 10:11:38,2286.80,133,304144
2026-01-02 10:11:39,2286.80,159,363601
2026-01-02 10:11:40,2286.80,116,265269
2026-01-02 10:11:41,2286.80,137,313292
2026-01-02 10:11:42,2286.80,130,297284
2026-01-02 10:11:43,2286.80,123,281276
2026-01-02 10:11:44,2286.80,155,354454
2026-01-02 10:11:45,2286.80,143,327012
2026-01-02 10:11:46,2286.80,102,233254
2026-01-02 10:11:47,2286.80,161,368175
2026-01-02 10:11:48,2286.80,132,301858
2026-01-02 10:11:49,2286.80,135,308718
2026-01-02 10:11:50,2286.80,139,317865
2026-01-02 10:11:51,2286.80,147,336160
2026-01-02 10:11:52,2286.80,163,372748
2026-01-02 10:11:53,2286.80,135,308718
2026-01-02 10:11:54,2286.80,133,304144
2026-01-02 10:11:55,2286.80,132,301858
2026-01-02 10:11:56,2286.80,134,306431
2026-01-02 10:11:57,2286.80,135,308718
2026-01-02 10:11:58,2286.80,125,285850
2026-01-02 10:11:59,2286.80,145,331586
2026-01-02 10:12:00,2286.80,125,285850
2026-01-02 10:12:01,2286.80,129,294997
2026-01-02 10:12:02,2286.80,129,294997
2026-01-02 10:12:03,2286.80,141,322439
2026-01-02 10:12:04,2286.80,125,285850
2026-01-02 10:12:05,2286.80,134,306431
2026-01-02 10:12:06,2286.80,157,359028
2026-01-02 10:12:07,2286.80,137,313292
2026-01-02 10:12:08,2286.80,142,324726
2026-01-02 10:12:09,2286.80,161,368175
2026-01-02 10:12:10,2286.80,143,327012
2026-01-02 10:12:11,2286.80,165,377322
2026-01-02 10:12:12,2286.80,139,317865
2026-01-02 10:12:13,2286.80,157,359028
2026-01-02 10:12:14,2286.80,135,308718
2026-01-02 10:12:15,2286.80,155,354454
2026-01-02 10:12:16,2286.80,132,301858
2026-01-02 10:12:17,2286.80,140,320152
2026-01-02 10:12:18,2286.80,149,340733
2026-01-02 10:12:19,2286.80,158,361314
2026-01-02 10:12:20,2286.80,150,343020
2026-01-02 10:12:21,2286.80,151,345307
2026-01-02 10:12:22,2286.80,126,288137
2026-01-02 10:12:23,2286.80,149,340733
2026-01-02 10:12:24,2286.80,136,311005
2026-01-02 10:12:25,2286.80,133,304144
2026-01-02 10:12:26,2286.80,146,333873
2026-01-02 10:12:27,2286.80,115,262982
2026-01-02 10:12:28,2286.80,144,329299
2026-01-02 10:12:29,2286.80,135,308718
2026-01-02 10:12:30,2286.80,148,338446
2026-01-02 10:12:31,2286.80,147,336160
2026-01-02 10:12:32,2286.80,147,336160
2026-01-02 10:12:33,2286.80,122,278990
2026-01-02 10:12:34,2286.80,124,283563
2026-01-02 10:12:35,2286.80,130,297284
2026-01-02 10:12:36,2286.80,148,338446
2026-01-02 10:12:37,2286.80,144,329299
2026-01-02 10:12:38,2286.80,130,297284
2026-01-02 10:12:39,2286.80,120,274416
2026-01-02 10:12:40,2286.80,143,327012
2026-01-02 10:12:41,2286.80,150,343020
2026-01-02 10:12:42,2286.80,137,313292
